day,timestamp,product,bid_price_1,bid_volume_1,bid_price_2,bid_volume_2,bid_price_3,bid_volume_3,ask_price_1,ask_volume_1,ask_price_2,ask_volume_2,ask_price_3,ask_volume_3,mid_price,profit_and_loss,rolling_slope_strict_100,window_return_strict_100,slope_tstat_strict_100,strict_uptrend_signal
-2,100,ASH_COATED_OSMIUM,9992.0,15.0,,,,,10008.0,15.0,10011.0,20.0,,,10000.0,0.0,,,,False
-2,200,ASH_COATED_OSMIUM,9992.0,15.0,9989.0,30.0,,,10008.0,15.0,10010.0,30.0,,,10000.0,0.0,,,,False
-2,300,ASH_COATED_OSMIUM,9992.0,13.0,9989.0,26.0,,,10008.0,13.0,10010.0,26.0,,,10000.0,0.0,,,,False
-2,400,ASH_COATED_OSMIUM,9992.0,15.0,,,,,10008.0,15.0,10010.0,20.0,,,10000.0,0.0,,,,False
-2,500,ASH_COATED_OSMIUM,9992.0,13.0,9989.0,30.0,,,10008.0,13.0,10010.0,30.0,,,10000.0,0.0,,,,False
-2,600,ASH_COATED_OSMIUM,9989.0,30.0,,,,,10010.0,30.0,,,,,9999.5,0.0,,,,False
-2,700,ASH_COATED_OSMIUM,9990.0,27.0,,,,,10011.0,27.0,,,,,10000.5,0.0,,,,False
-2,800,ASH_COATED_OSMIUM,9993.0,15.0,,,,,10011.0,21.0,,,,,10002.0,0.0,,,,False
-2,900,ASH_COATED_OSMIUM,9993.0,13.0,9990.0,30.0,,,9998.0,8.0,10009.0,13.0,10011.0,30.0,9995.5,0.0,,,,False
-2,1000,ASH_COATED_OSMIUM,9990.0,22.0,,,,,10009.0,15.0,10011.0,22.0,,,9999.5,0.0,,,,False
-2,1100,ASH_COATED_OSMIUM,9993.0,10.0,,,,,10009.0,10.0,10011.0,25.0,,,10001.0,0.0,,,,False
-2,1300,ASH_COATED_OSMIUM,9993.0,10.0,9991.0,23.0,,,10012.0,23.0,,,,,10002.5,0.0,,,,False
-2,1400,ASH_COATED_OSMIUM,9993.0,13.0,9991.0,26.0,,,10009.0,13.0,10012.0,26.0,,,10001.0,0.0,,,,False
-2,1500,ASH_COATED_OSMIUM,9994.0,12.0,9991.0,25.0,,,10010.0,12.0,10012.0,25.0,,,10002.0,0.0,,,,False
-2,1700,ASH_COATED_OSMIUM,9999.0,3.0,9994.0,12.0,9991.0,28.0,10010.0,12.0,10012.0,28.0,,,10004.5,0.0,,,,False
-2,1800,ASH_COATED_OSMIUM,9994.0,14.0,9991.0,24.0,,,10010.0,14.0,10012.0,24.0,,,10002.0,0.0,,,,False
-2,1900,ASH_COATED_OSMIUM,9994.0,11.0,9991.0,25.0,,,10010.0,11.0,10012.0,25.0,,,10002.0,0.0,,,,False
-2,2000,ASH_COATED_OSMIUM,9991.0,30.0,,,,,10010.0,10.0,10012.0,30.0,,,10000.5,0.0,,,,False
-2,2100,ASH_COATED_OSMIUM,9994.0,13.0,9992.0,20.0,,,10010.0,13.0,,,,,10002.0,0.0,,,,False
-2,2200,ASH_COATED_OSMIUM,9994.0,14.0,,,,,10010.0,14.0,10013.0,25.0,,,10002.0,0.0,,,,False
-2,2300,ASH_COATED_OSMIUM,10000.0,5.0,9995.0,11.0,9992.0,28.0,10011.0,11.0,10013.0,28.0,,,10005.5,0.0,,,,False
-2,2400,ASH_COATED_OSMIUM,9992.0,30.0,,,,,10011.0,13.0,10013.0,30.0,,,10001.5,0.0,,,,False
-2,2500,ASH_COATED_OSMIUM,9992.0,21.0,,,,,10011.0,14.0,,,,,10001.5,0.0,,,,False
-2,2600,ASH_COATED_OSMIUM,9995.0,15.0,9992.0,21.0,,,10011.0,15.0,,,,,10003.0,0.0,,,,False
-2,2700,ASH_COATED_OSMIUM,9995.0,15.0,9992.0,26.0,,,10013.0,26.0,,,,,10004.0,0.0,,,,False
-2,2800,ASH_COATED_OSMIUM,9995.0,13.0,,,,,10011.0,13.0,10013.0,28.0,,,10003.0,0.0,,,,False
-2,2900,ASH_COATED_OSMIUM,9995.0,15.0,9993.0,30.0,,,10011.0,15.0,10014.0,30.0,,,10003.0,0.0,,,,False
-2,3000,ASH_COATED_OSMIUM,9993.0,26.0,,,,,10011.0,12.0,10014.0,26.0,,,10002.0,0.0,,,,False
-2,3100,ASH_COATED_OSMIUM,9996.0,12.0,,,,,10012.0,12.0,10014.0,23.0,,,10004.0,0.0,,,,False
-2,3200,ASH_COATED_OSMIUM,9996.0,11.0,9993.0,26.0,,,10014.0,26.0,,,,,10005.0,0.0,,,,False
-2,3300,ASH_COATED_OSMIUM,9996.0,15.0,9993.0,20.0,,,10012.0,15.0,10014.0,20.0,,,10004.0,0.0,,,,False
-2,3400,ASH_COATED_OSMIUM,9996.0,10.0,9993.0,22.0,,,10012.0,10.0,,,,,10004.0,0.0,,,,False
-2,3500,ASH_COATED_OSMIUM,9993.0,29.0,,,,,10012.0,10.0,10014.0,29.0,,,10002.5,0.0,,,,False
-2,3600,ASH_COATED_OSMIUM,9996.0,10.0,9993.0,26.0,,,10012.0,10.0,,,,,10004.0,0.0,,,,False
-2,3700,ASH_COATED_OSMIUM,9993.0,25.0,,,,,10011.0,11.0,,,,,10002.0,0.0,,,,False
-2,3800,ASH_COATED_OSMIUM,9995.0,11.0,9993.0,27.0,,,10011.0,11.0,10014.0,27.0,,,10003.0,0.0,,,,False
-2,3900,ASH_COATED_OSMIUM,9995.0,14.0,9993.0,25.0,,,10011.0,14.0,10014.0,25.0,,,10003.0,0.0,,,,False
-2,4000,ASH_COATED_OSMIUM,9996.0,10.0,9994.0,27.0,,,10012.0,10.0,10015.0,27.0,,,10004.0,0.0,,,,False
-2,4100,ASH_COATED_OSMIUM,9994.0,28.0,,,,,10013.0,12.0,,,,,10003.5,0.0,,,,False
-2,4200,ASH_COATED_OSMIUM,9994.0,23.0,,,,,10015.0,23.0,,,,,10004.5,0.0,,,,False
-2,4300,ASH_COATED_OSMIUM,9997.0,13.0,9994.0,26.0,,,10015.0,26.0,,,,,10006.0,0.0,,,,False
-2,4400,ASH_COATED_OSMIUM,9997.0,11.0,9994.0,28.0,,,10015.0,28.0,,,,,10006.0,0.0,,,,False
-2,4500,ASH_COATED_OSMIUM,9997.0,12.0,9994.0,29.0,,,10013.0,12.0,10015.0,29.0,,,10005.0,0.0,,,,False
-2,4600,ASH_COATED_OSMIUM,9997.0,11.0,9995.0,29.0,,,10016.0,29.0,,,,,10006.5,0.0,,,,False
-2,4800,ASH_COATED_OSMIUM,9995.0,24.0,,,,,10007.0,3.0,10013.0,14.0,10016.0,24.0,10001.0,0.0,,,,False
-2,4900,ASH_COATED_OSMIUM,9997.0,15.0,9995.0,22.0,,,10013.0,15.0,10016.0,22.0,,,10005.0,0.0,,,,False
-2,5000,ASH_COATED_OSMIUM,9997.0,15.0,9994.0,20.0,,,10013.0,15.0,10015.0,20.0,,,10005.0,0.0,,,,False
-2,5100,ASH_COATED_OSMIUM,9997.0,11.0,9994.0,29.0,,,10013.0,11.0,10015.0,29.0,,,10005.0,0.0,,,,False
-2,5200,ASH_COATED_OSMIUM,9994.0,25.0,,,,,10013.0,12.0,10015.0,25.0,,,10003.5,0.0,,,,False
-2,5300,ASH_COATED_OSMIUM,10002.0,4.0,9994.0,22.0,,,10012.0,15.0,10015.0,22.0,,,10007.0,0.0,,,,False
-2,5400,ASH_COATED_OSMIUM,9994.0,29.0,,,,,10013.0,15.0,,,,,10003.5,0.0,,,,False
-2,5500,ASH_COATED_OSMIUM,9996.0,13.0,9994.0,28.0,,,10012.0,13.0,10015.0,28.0,,,10004.0,0.0,,,,False
-2,5700,ASH_COATED_OSMIUM,9996.0,12.0,9993.0,29.0,,,10012.0,12.0,,,,,10004.0,0.0,,,,False
-2,5800,ASH_COATED_OSMIUM,10001.0,5.0,9996.0,15.0,9993.0,26.0,10012.0,15.0,10014.0,26.0,,,10006.5,0.0,,,,False
-2,5900,ASH_COATED_OSMIUM,9996.0,13.0,9994.0,28.0,,,10015.0,28.0,,,,,10005.5,0.0,,,,False
-2,6000,ASH_COATED_OSMIUM,9996.0,10.0,9994.0,21.0,,,10006.0,2.0,10012.0,10.0,10015.0,21.0,10001.0,0.0,,,,False
-2,6100,ASH_COATED_OSMIUM,9997.0,11.0,9994.0,26.0,,,10013.0,11.0,10015.0,26.0,,,10005.0,0.0,,,,False
-2,6200,ASH_COATED_OSMIUM,9997.0,12.0,9994.0,23.0,,,10013.0,12.0,10015.0,23.0,,,10005.0,0.0,,,,False
-2,6300,ASH_COATED_OSMIUM,9996.0,13.0,9993.0,26.0,,,10012.0,13.0,10014.0,26.0,,,10004.0,0.0,,,,False
-2,6400,ASH_COATED_OSMIUM,9996.0,13.0,9993.0,26.0,,,10012.0,13.0,10014.0,26.0,,,10004.0,0.0,,,,False
-2,6600,ASH_COATED_OSMIUM,9996.0,13.0,9993.0,23.0,,,10012.0,13.0,10014.0,23.0,,,10004.0,0.0,,,,False
-2,6700,ASH_COATED_OSMIUM,9996.0,14.0,9993.0,27.0,,,10012.0,14.0,10014.0,27.0,,,10004.0,0.0,,,,False
-2,6800,ASH_COATED_OSMIUM,9996.0,14.0,9993.0,23.0,,,10012.0,14.0,10014.0,23.0,,,10004.0,0.0,,,,False
-2,6900,ASH_COATED_OSMIUM,9995.0,13.0,9993.0,28.0,,,10014.0,28.0,,,,,10004.5,0.0,,,,False
-2,7000,ASH_COATED_OSMIUM,9995.0,14.0,9993.0,24.0,,,10011.0,14.0,,,,,10003.0,0.0,,,,False
-2,7100,ASH_COATED_OSMIUM,9995.0,11.0,9993.0,26.0,,,10011.0,11.0,,,,,10003.0,0.0,,,,False
-2,7200,ASH_COATED_OSMIUM,9993.0,26.0,,,,,10012.0,14.0,10014.0,26.0,,,10002.5,0.0,,,,False
-2,7300,ASH_COATED_OSMIUM,9996.0,11.0,9993.0,27.0,,,10012.0,11.0,10014.0,27.0,,,10004.0,0.0,,,,False
-2,7400,ASH_COATED_OSMIUM,9996.0,11.0,9994.0,28.0,,,10012.0,11.0,10015.0,28.0,,,10004.0,0.0,,,,False
-2,7500,ASH_COATED_OSMIUM,9997.0,10.0,,,,,10013.0,10.0,,,,,10005.0,0.0,,,,False
-2,7600,ASH_COATED_OSMIUM,9997.0,13.0,9994.0,28.0,,,10015.0,28.0,,,,,10006.0,0.0,,,,False
-2,7700,ASH_COATED_OSMIUM,9994.0,25.0,,,,,10013.0,13.0,10015.0,25.0,,,10003.5,0.0,,,,False
-2,7800,ASH_COATED_OSMIUM,10002.0,4.0,9996.0,14.0,9994.0,21.0,10015.0,21.0,,,,,10008.5,0.0,,,,False
-2,7900,ASH_COATED_OSMIUM,9996.0,13.0,,,,,10012.0,13.0,,,,,10004.0,0.0,,,,False
-2,8000,ASH_COATED_OSMIUM,10006.0,6.0,9994.0,23.0,,,10013.0,15.0,10015.0,23.0,,,10009.5,0.0,,,,False
-2,8100,ASH_COATED_OSMIUM,9997.0,15.0,9994.0,20.0,,,10013.0,15.0,,,,,10005.0,0.0,,,,False
-2,8200,ASH_COATED_OSMIUM,9994.0,30.0,,,,,10015.0,30.0,,,,,10004.5,0.0,,,,False
-2,8300,ASH_COATED_OSMIUM,9997.0,14.0,9994.0,27.0,,,10015.0,27.0,,,,,10006.0,0.0,,,,False
-2,8400,ASH_COATED_OSMIUM,9997.0,10.0,9994.0,25.0,,,10013.0,10.0,10015.0,25.0,,,10005.0,0.0,,,,False
-2,8500,ASH_COATED_OSMIUM,9997.0,12.0,9995.0,23.0,,,10013.0,12.0,10016.0,23.0,,,10005.0,0.0,,,,False
-2,8600,ASH_COATED_OSMIUM,9995.0,27.0,,,,,10013.0,13.0,10016.0,27.0,,,10004.0,0.0,,,,False
-2,8700,ASH_COATED_OSMIUM,9997.0,10.0,9995.0,22.0,,,10013.0,10.0,10016.0,22.0,,,10005.0,0.0,,,,False
-2,8800,ASH_COATED_OSMIUM,9997.0,13.0,9995.0,20.0,,,10013.0,13.0,,,,,10005.0,0.0,,,,False
-2,8900,ASH_COATED_OSMIUM,10003.0,2.0,9997.0,12.0,,,10013.0,12.0,10016.0,26.0,,,10008.0,0.0,,,,False
-2,9000,ASH_COATED_OSMIUM,9998.0,10.0,9995.0,29.0,,,10014.0,10.0,10016.0,29.0,,,10006.0,0.0,,,,False
-2,9100,ASH_COATED_OSMIUM,9996.0,24.0,,,,,10017.0,24.0,,,,,10006.5,0.0,,,,False
-2,9200,ASH_COATED_OSMIUM,9998.0,10.0,9996.0,28.0,,,10014.0,10.0,,,,,10006.0,0.0,,,,False
-2,9300,ASH_COATED_OSMIUM,9998.0,11.0,9995.0,26.0,,,10014.0,11.0,10016.0,26.0,,,10006.0,0.0,,,,False
-2,9400,ASH_COATED_OSMIUM,9996.0,25.0,,,,,10015.0,11.0,10017.0,25.0,,,10005.5,0.0,,,,False
-2,9500,ASH_COATED_OSMIUM,9999.0,12.0,9996.0,23.0,,,10015.0,12.0,10017.0,23.0,,,10007.0,0.0,,,,False
-2,9600,ASH_COATED_OSMIUM,9999.0,10.0,9997.0,29.0,,,10015.0,10.0,10018.0,29.0,,,10007.0,0.0,,,,False
-2,9700,ASH_COATED_OSMIUM,10000.0,13.0,9997.0,28.0,,,10016.0,13.0,10018.0,28.0,,,10008.0,0.0,,,,False
-2,9800,ASH_COATED_OSMIUM,10000.0,15.0,9997.0,23.0,,,10016.0,15.0,10018.0,23.0,,,10008.0,0.0,,,,False
-2,9900,ASH_COATED_OSMIUM,10000.0,14.0,9998.0,25.0,,,10016.0,14.0,10019.0,25.0,,,10008.0,0.0,,,,False
-2,10000,ASH_COATED_OSMIUM,9997.0,30.0,,,,,10016.0,11.0,10018.0,30.0,,,10006.5,0.0,,,,False
-2,10100,ASH_COATED_OSMIUM,10000.0,10.0,,,,,10016.0,10.0,10019.0,25.0,,,10008.0,0.0,,,,False
-2,10200,ASH_COATED_OSMIUM,10000.0,13.0,9998.0,29.0,,,10016.0,13.0,10019.0,29.0,,,10008.0,0.0,,,,False
-2,10300,ASH_COATED_OSMIUM,10001.0,13.0,9998.0,23.0,,,10017.0,13.0,10019.0,23.0,,,10009.0,0.0,,,,False
-2,10400,ASH_COATED_OSMIUM,10007.0,5.0,10001.0,10.0,,,10017.0,10.0,10020.0,22.0,,,10012.0,0.0,,,,False
-2,10500,ASH_COATED_OSMIUM,10002.0,10.0,9999.0,20.0,,,10018.0,10.0,10020.0,20.0,,,10010.0,0.0,0.07178817881788178,10.0,12.891317094444636,False
-2,10600,ASH_COATED_OSMIUM,10001.0,13.0,9999.0,29.0,,,10020.0,29.0,,,,,10010.5,0.0,0.07305130513051306,10.5,12.944032703572129,False
-2,10700,ASH_COATED_OSMIUM,9998.0,29.0,,,,,10016.0,14.0,10019.0,29.0,,,10007.0,0.0,0.07210921092109211,7.0,12.767163163450508,False
-2,10800,ASH_COATED_OSMIUM,10000.0,11.0,9998.0,22.0,,,10016.0,11.0,10019.0,22.0,,,10008.0,0.0,0.07167716771677168,8.0,12.704910636648409,False
-2,10900,ASH_COATED_OSMIUM,10001.0,15.0,9998.0,21.0,,,10019.0,21.0,,,,,10010.0,0.0,0.07233723372337234,10.0,12.746624375177959,False
-2,11000,ASH_COATED_OSMIUM,10001.0,13.0,9998.0,27.0,,,10017.0,13.0,10019.0,27.0,,,10009.0,0.0,0.07228322832283228,9.5,12.740965185974735,False
-2,11100,ASH_COATED_OSMIUM,10001.0,11.0,,,,,10017.0,11.0,10019.0,29.0,,,10009.0,0.0,0.07181818181818182,8.5,12.702044633705317,False
-2,11200,ASH_COATED_OSMIUM,10001.0,10.0,9998.0,20.0,,,10017.0,10.0,10019.0,20.0,,,10009.0,0.0,0.07184518451845184,7.0,12.70537847827547,False
-2,11300,ASH_COATED_OSMIUM,10000.0,12.0,9998.0,21.0,,,10016.0,12.0,10019.0,21.0,,,10008.0,0.0,0.07208520852085208,12.5,12.759524601249847,False
-2,11400,ASH_COATED_OSMIUM,10000.0,12.0,9998.0,30.0,,,10016.0,12.0,10019.0,30.0,,,10008.0,0.0,0.06831383138313832,8.5,12.979993429606818,False
-2,11500,ASH_COATED_OSMIUM,10001.0,13.0,9998.0,24.0,,,10019.0,24.0,,,,,10010.0,0.0,0.068004800480048,9.0,12.975811910782186,False
-2,11600,ASH_COATED_OSMIUM,10006.0,5.0,,,,,10017.0,12.0,10019.0,30.0,,,10011.5,0.0,0.06936993699369937,9.0,12.9990625259499,False
-2,11800,ASH_COATED_OSMIUM,10000.0,10.0,9998.0,29.0,,,10016.0,10.0,10019.0,29.0,,,10008.0,0.0,0.06943894389438944,7.0,13.016630379989902,False
-2,11900,ASH_COATED_OSMIUM,10000.0,14.0,9998.0,22.0,,,10016.0,14.0,10019.0,22.0,,,10008.0,0.0,0.06853285328532853,6.0,12.851014517112223,False
-2,12000,ASH_COATED_OSMIUM,9997.0,28.0,,,,,10016.0,13.0,10018.0,28.0,,,10006.5,0.0,0.06725772577257726,2.0,12.48183894132777,False
-2,12100,ASH_COATED_OSMIUM,9998.0,21.0,,,,,10019.0,21.0,,,,,10008.5,0.0,0.06863186318631863,6.5,12.91229981685242,False
-2,12200,ASH_COATED_OSMIUM,10000.0,13.0,,,,,10016.0,13.0,10019.0,23.0,,,10008.0,0.0,0.06814581458145814,6.0,12.802015804600979,False
-2,12300,ASH_COATED_OSMIUM,10000.0,11.0,,,,,10016.0,11.0,,,,,10008.0,0.0,0.06758775877587758,7.5,12.677151722921439,False
-2,12400,ASH_COATED_OSMIUM,10006.0,2.0,10000.0,15.0,9998.0,25.0,10016.0,15.0,10019.0,25.0,,,10011.0,0.0,0.06783078307830782,9.0,12.681544068330671,False
-2,12500,ASH_COATED_OSMIUM,10000.0,13.0,9998.0,28.0,,,10019.0,28.0,,,,,10009.5,0.0,0.06796579657965797,7.5,12.702442716690777,False
-2,12600,ASH_COATED_OSMIUM,10000.0,15.0,,,,,10019.0,26.0,,,,,10009.5,0.0,0.06801080108010801,4.0,12.709424434062973,False
-2,12700,ASH_COATED_OSMIUM,10000.0,13.0,9998.0,22.0,,,10016.0,13.0,10019.0,22.0,,,10008.0,0.0,0.0691959195919592,6.5,13.175788688306739,False
-2,12800,ASH_COATED_OSMIUM,10001.0,14.0,9998.0,20.0,,,10017.0,14.0,10019.0,20.0,,,10009.0,0.0,0.06852085208520851,7.5,13.067306481275999,False
-2,13000,ASH_COATED_OSMIUM,10001.0,15.0,9998.0,30.0,,,10017.0,15.0,10019.0,30.0,,,10009.0,0.0,0.06775577557755776,6.0,12.946649588449986,False
-2,13100,ASH_COATED_OSMIUM,10006.0,2.0,,,,,10017.0,10.0,10019.0,21.0,,,10011.5,0.0,0.0692949294929493,7.5,13.117407925557508,False
-2,13200,ASH_COATED_OSMIUM,10000.0,12.0,9998.0,22.0,,,10016.0,12.0,10019.0,22.0,,,10008.0,0.0,0.06925892589258927,5.0,13.105542293089954,False
-2,13300,ASH_COATED_OSMIUM,10001.0,11.0,9998.0,27.0,,,10017.0,11.0,10019.0,27.0,,,10009.0,0.0,0.06916291629162916,6.0,13.083148235017482,False
-2,13400,ASH_COATED_OSMIUM,10000.0,15.0,9998.0,27.0,,,10016.0,15.0,10019.0,27.0,,,10008.0,0.0,0.0684008400840084,6.0,12.871893973429948,False
-2,13500,ASH_COATED_OSMIUM,10001.0,14.0,9998.0,27.0,,,10017.0,14.0,,,,,10009.0,0.0,0.06756675667566757,5.0,12.722667167890462,False
-2,13600,ASH_COATED_OSMIUM,10001.0,13.0,9999.0,24.0,,,10017.0,13.0,10020.0,24.0,,,10009.0,0.0,0.06786078607860786,4.0,12.802179037313975,False
-2,13700,ASH_COATED_OSMIUM,10001.0,14.0,9998.0,20.0,,,10017.0,14.0,10019.0,20.0,,,10009.0,0.0,0.0687008700870087,5.0,13.073959136294652,False
-2,13800,ASH_COATED_OSMIUM,9998.0,22.0,,,,,10017.0,13.0,10019.0,22.0,,,10007.5,0.0,0.067995799579958,3.5,12.828792916422506,False
-2,13900,ASH_COATED_OSMIUM,10001.0,14.0,9999.0,20.0,,,10017.0,14.0,10020.0,20.0,,,10009.0,0.0,0.06813981398139814,6.5,12.868132010177414,False
-2,14000,ASH_COATED_OSMIUM,10001.0,14.0,9999.0,25.0,,,10017.0,14.0,,,,,10009.0,0.0,0.06731473147314732,5.0,12.701918747548019,False
-2,14100,ASH_COATED_OSMIUM,10002.0,12.0,9999.0,25.0,,,10020.0,25.0,,,,,10011.0,0.0,0.06850885088508851,9.0,12.91554668978626,False
-2,14200,ASH_COATED_OSMIUM,10001.0,10.0,9999.0,23.0,,,10017.0,10.0,,,,,10009.0,0.0,0.06721872187218722,6.0,12.685011753370127,False
-2,14300,ASH_COATED_OSMIUM,10001.0,14.0,9999.0,23.0,,,10017.0,14.0,,,,,10009.0,0.0,0.06645064506450644,6.0,12.516212277649657,False
-2,14400,ASH_COATED_OSMIUM,10001.0,14.0,,,,,10017.0,14.0,,,,,10009.0,0.0,0.0656105610561056,5.0,12.335376846166058,False
-2,14600,ASH_COATED_OSMIUM,10001.0,15.0,9998.0,20.0,,,10019.0,20.0,,,,,10010.0,0.0,0.0658985898589859,6.5,12.396942385198704,False
-2,14800,ASH_COATED_OSMIUM,10000.0,13.0,9997.0,28.0,,,10016.0,13.0,10018.0,28.0,,,10008.0,0.0,0.06462346234623462,3.5,12.045205167268609,False
-2,14900,ASH_COATED_OSMIUM,9997.0,29.0,,,,,10016.0,10.0,,,,,10006.5,0.0,0.063009300930093,0.5,11.460506763079058,False
-2,15000,ASH_COATED_OSMIUM,10000.0,10.0,,,,,10016.0,10.0,10018.0,21.0,,,10008.0,0.0,0.06317131713171317,2.0,11.517150136780973,False
-2,15100,ASH_COATED_OSMIUM,10000.0,15.0,9997.0,29.0,,,10016.0,15.0,10018.0,29.0,,,10008.0,0.0,0.06330933093309331,3.0,11.565746441831623,False
-2,15200,ASH_COATED_OSMIUM,9999.0,11.0,9997.0,28.0,,,10015.0,11.0,10018.0,28.0,,,10007.0,0.0,0.06222322232223222,0.5,11.19167421638224,False
-2,15300,ASH_COATED_OSMIUM,9996.0,26.0,,,,,10015.0,10.0,10017.0,26.0,,,10005.5,0.0,0.06113111311131113,4.5,10.721677197847546,False
-2,15400,ASH_COATED_OSMIUM,9999.0,13.0,9997.0,22.0,,,10015.0,13.0,10018.0,22.0,,,10007.0,0.0,0.05760876087608761,2.0,10.110943973703558,False
-2,15500,ASH_COATED_OSMIUM,9999.0,14.0,9996.0,24.0,,,10015.0,14.0,10017.0,24.0,,,10007.0,0.0,0.05643864386438644,2.0,9.773383519729263,False
-2,15600,ASH_COATED_OSMIUM,9998.0,15.0,9996.0,25.0,,,10014.0,15.0,,,,,10006.0,0.0,0.05465046504650465,1.0,9.236351187337965,False
-2,15700,ASH_COATED_OSMIUM,9998.0,11.0,9996.0,29.0,,,10014.0,11.0,10017.0,29.0,,,10006.0,0.0,0.05285028502850285,2.5,8.733867262289499,False
-2,15800,ASH_COATED_OSMIUM,9998.0,10.0,,,,,10014.0,10.0,10017.0,20.0,,,10006.0,0.0,0.050129012901290126,-1.0,8.122597184970598,False
-2,15900,ASH_COATED_OSMIUM,9995.0,25.0,,,,,10014.0,12.0,10016.0,25.0,,,10004.5,0.0,0.04860786078607861,1.0,7.6477465250632575,False
-2,16000,ASH_COATED_OSMIUM,9999.0,10.0,9996.0,21.0,,,10017.0,21.0,,,,,10008.0,0.0,0.047074707470747074,4.0,7.398390647129735,False
-2,16100,ASH_COATED_OSMIUM,9998.0,14.0,,,,,10014.0,14.0,10017.0,25.0,,,10006.0,0.0,0.0446024602460246,2.0,6.899639393788027,False
-2,16200,ASH_COATED_OSMIUM,9998.0,12.0,,,,,10014.0,12.0,10017.0,29.0,,,10006.0,0.0,0.04210621062106211,-0.5,6.422702768454453,False
-2,16300,ASH_COATED_OSMIUM,9998.0,13.0,9996.0,30.0,,,10014.0,13.0,10017.0,30.0,,,10006.0,0.0,0.0411011101110111,0.5,6.200808588073497,False
-2,16400,ASH_COATED_OSMIUM,9996.0,27.0,,,,,10014.0,12.0,10017.0,27.0,,,10005.0,0.0,0.0389018901890189,4.0,5.738594550126785,False
-2,16500,ASH_COATED_OSMIUM,9998.0,12.0,9996.0,26.0,,,10014.0,12.0,10017.0,26.0,,,10006.0,0.0,0.03457545754575458,1.0,5.166629019627177,False
-2,16600,ASH_COATED_OSMIUM,9996.0,23.0,,,,,10017.0,23.0,,,,,10006.5,0.0,0.03291029102910291,1.5,4.883199209958987,False
-2,16700,ASH_COATED_OSMIUM,9999.0,13.0,9996.0,24.0,,,10015.0,13.0,10017.0,24.0,,,10007.0,0.0,0.03152415241524152,3.0,4.659830451251388,False
-2,16800,ASH_COATED_OSMIUM,9999.0,11.0,,,,,10015.0,11.0,10017.0,21.0,,,10007.0,0.0,0.029507950795079507,3.0,4.3607884819413165,False
-2,16900,ASH_COATED_OSMIUM,9996.0,25.0,,,,,10015.0,12.0,10017.0,25.0,,,10005.5,0.0,0.026564656465646565,1.5,3.892673202389343,False
-2,17000,ASH_COATED_OSMIUM,9996.0,27.0,,,,,10014.0,10.0,10017.0,27.0,,,10005.0,0.0,0.023306330633063307,1.0,3.379368032505325,False
-2,17100,ASH_COATED_OSMIUM,9998.0,14.0,,,,,10014.0,14.0,10017.0,25.0,,,10006.0,0.0,0.02063006300630063,2.0,2.98794036072935,False
-2,17200,ASH_COATED_OSMIUM,9998.0,14.0,9996.0,30.0,,,10017.0,30.0,,,,,10007.5,0.0,0.01882088208820882,3.0,2.7421776182320405,False
-2,17300,ASH_COATED_OSMIUM,9998.0,12.0,9996.0,24.0,,,10017.0,24.0,,,,,10007.5,0.0,0.017272727272727273,4.5,2.526762457968518,False
-2,17400,ASH_COATED_OSMIUM,9998.0,10.0,9995.0,26.0,,,10014.0,10.0,10017.0,26.0,,,10006.0,0.0,0.01388838883888389,3.0,2.0536826436102587,False
-2,17500,ASH_COATED_OSMIUM,9998.0,11.0,,,,,10014.0,11.0,10016.0,21.0,,,10006.0,0.0,0.010468046804680468,3.5,1.5694070555072248,False
-2,17700,ASH_COATED_OSMIUM,9998.0,10.0,9996.0,26.0,,,10017.0,26.0,,,,,10007.5,0.0,0.0075997599759976,3.5,1.1713895968196555,False
-2,17800,ASH_COATED_OSMIUM,9998.0,13.0,9996.0,29.0,,,10014.0,13.0,10017.0,29.0,,,10006.0,0.0,0.00468946894689469,2.0,0.7299827149862251,False
-2,18000,ASH_COATED_OSMIUM,9998.0,12.0,9996.0,29.0,,,10014.0,12.0,10017.0,29.0,,,10006.0,0.0,0.0017551755175517552,1.0,0.276605887216119,False
-2,18200,ASH_COATED_OSMIUM,9999.0,15.0,9996.0,28.0,,,10015.0,15.0,,,,,10007.0,0.0,-3.0003000300030004e-06,1.0,-0.0004769118441349072,False
-2,18300,ASH_COATED_OSMIUM,9999.0,14.0,9997.0,27.0,,,10018.0,27.0,,,,,10008.5,0.0,-0.00028802880288028804,5.0,-0.04586837392833026,False
-2,18400,ASH_COATED_OSMIUM,9999.0,11.0,9997.0,20.0,,,10018.0,20.0,,,,,10008.5,0.0,-0.002118211821182118,0.0,-0.34581403825254897,False
-2,18500,ASH_COATED_OSMIUM,9999.0,15.0,9997.0,26.0,,,10015.0,15.0,10018.0,26.0,,,10007.0,0.0,-0.0018691869186918692,3.0,-0.30542801094320243,False
-2,18600,ASH_COATED_OSMIUM,9999.0,14.0,9997.0,30.0,,,10015.0,14.0,10018.0,30.0,,,10007.0,0.0,-0.004329432943294329,-2.5,-0.7236737561777672,False
-2,18700,ASH_COATED_OSMIUM,9999.0,11.0,9997.0,30.0,,,10015.0,11.0,10018.0,30.0,,,10007.0,0.0,-0.003492349234923492,2.0,-0.5867138504721265,False
-2,18800,ASH_COATED_OSMIUM,9999.0,13.0,9996.0,24.0,,,10017.0,24.0,,,,,10008.0,0.0,-0.004758475847584758,3.5,-0.8095601425788013,False
-2,18900,ASH_COATED_OSMIUM,9999.0,10.0,9996.0,23.0,,,10015.0,10.0,10017.0,23.0,,,10007.0,0.0,-0.006957695769576958,1.0,-1.2081775394909875,False
-2,19000,ASH_COATED_OSMIUM,9999.0,11.0,9996.0,23.0,,,10015.0,11.0,10017.0,23.0,,,10007.0,0.0,-0.008277827782778278,2.0,-1.4478113997763236,False
-2,19200,ASH_COATED_OSMIUM,9999.0,14.0,,,,,10015.0,14.0,10017.0,24.0,,,10007.0,0.0,-0.010216021602160216,2.0,-1.81928768837257,False
-2,19300,ASH_COATED_OSMIUM,9999.0,10.0,9997.0,29.0,,,10015.0,10.0,10018.0,29.0,,,10007.0,0.0,-0.012178217821782179,3.0,-2.2130002535340716,False
-2,19400,ASH_COATED_OSMIUM,10000.0,13.0,9997.0,22.0,,,10016.0,13.0,10018.0,22.0,,,10008.0,0.0,-0.014176417641764177,3.0,-2.6736136681720843,False
-2,19600,ASH_COATED_OSMIUM,9997.0,21.0,,,,,10016.0,10.0,10018.0,21.0,,,10006.5,0.0,-0.016507650765076508,1.5,-3.1964159462989463,False
-2,19700,ASH_COATED_OSMIUM,9999.0,15.0,9996.0,25.0,,,10015.0,15.0,,,,,10007.0,0.0,-0.01855985598559856,-1.0,-3.7046205342804055,False
-2,19800,ASH_COATED_OSMIUM,9998.0,15.0,9995.0,23.0,,,10014.0,15.0,10016.0,23.0,,,10006.0,0.0,-0.019411941194119414,0.0,-3.8733396457572487,False
-2,19900,ASH_COATED_OSMIUM,9997.0,12.0,9995.0,24.0,,,10016.0,24.0,,,,,10006.5,0.0,-0.021155115511551154,0.0,-4.298836364506034,False
-2,20000,ASH_COATED_OSMIUM,9995.0,28.0,,,,,10013.0,15.0,,,,,10004.0,0.0,-0.024086408640864088,-2.0,-4.880171410213109,False
-2,20100,ASH_COATED_OSMIUM,9998.0,15.0,,,,,10014.0,15.0,10017.0,30.0,,,10006.0,0.0,-0.026102610261026102,0.0,-5.404458285228603,False
-2,20200,ASH_COATED_OSMIUM,9998.0,12.0,9995.0,27.0,,,10014.0,12.0,10016.0,27.0,,,10006.0,0.0,-0.02811881188118812,0.5,-5.966309951510229,False
-2,20300,ASH_COATED_OSMIUM,9998.0,13.0,9995.0,24.0,,,10014.0,13.0,,,,,10006.0,0.0,-0.03043804380438044,-1.0,-6.708047157896535,False
-2,20400,ASH_COATED_OSMIUM,9998.0,12.0,9995.0,25.0,,,10016.0,25.0,,,,,10007.0,0.0,-0.03126012601260126,0.0,-6.977476572649377,False
-2,20500,ASH_COATED_OSMIUM,9998.0,10.0,9995.0,24.0,,,10014.0,10.0,,,,,10006.0,0.0,-0.03267626762676268,-2.0,-7.411733395918946,False
-2,20600,ASH_COATED_OSMIUM,9998.0,10.0,,,,,10014.0,10.0,,,,,10006.0,0.0,-0.03347434743474347,-2.0,-7.634696815707434,False
-2,20700,ASH_COATED_OSMIUM,9998.0,15.0,9996.0,22.0,,,10014.0,15.0,10017.0,22.0,,,10006.0,0.0,-0.03424842484248425,-2.0,-7.856117218320819,False
-2,20800,ASH_COATED_OSMIUM,9998.0,13.0,,,,,10014.0,13.0,10017.0,21.0,,,10006.0,0.0,-0.034998499849985,-0.5,-8.075876224403773,False
-2,20900,ASH_COATED_OSMIUM,9998.0,13.0,9996.0,28.0,,,10014.0,13.0,10017.0,28.0,,,10006.0,0.0,-0.03663366336633663,-2.0,-8.694574979020496,False
-2,21000,ASH_COATED_OSMIUM,9998.0,12.0,9996.0,28.0,,,10014.0,12.0,10017.0,28.0,,,10006.0,0.0,-0.03735373537353735,-2.0,-8.928497049429943,False
-2,21100,ASH_COATED_OSMIUM,9999.0,15.0,9996.0,22.0,,,10015.0,15.0,10017.0,22.0,,,10007.0,0.0,-0.037455745574557456,-2.0,-8.967507183656501,False
-2,21200,ASH_COATED_OSMIUM,9997.0,27.0,,,,,10015.0,14.0,10018.0,27.0,,,10006.0,0.0,-0.037533753375337535,-6.0,-8.989257999159435,False
-2,21300,ASH_COATED_OSMIUM,10000.0,15.0,,,,,10016.0,15.0,10018.0,27.0,,,10008.0,0.0,-0.03456945694569457,-2.0,-8.336621672574951,False
-2,21400,ASH_COATED_OSMIUM,9996.0,21.0,,,,,10008.0,2.0,10017.0,21.0,,,10002.0,0.0,-0.03633363336333633,-8.5,-8.37994751828748,False
-2,21500,ASH_COATED_OSMIUM,9999.0,15.0,,,,,10015.0,15.0,,,,,10007.0,0.0,-0.03472847284728473,0.0,-8.006031639963526,False
-2,21600,ASH_COATED_OSMIUM,9996.0,23.0,,,,,10015.0,10.0,10017.0,23.0,,,10005.5,0.0,-0.03609360936093609,-2.5,-8.449393478713636,False
-2,21800,ASH_COATED_OSMIUM,9999.0,11.0,9996.0,25.0,,,10004.0,8.0,10015.0,11.0,,,10001.5,0.0,-0.03921092109210921,-8.5,-8.77055116280062,False
-2,21900,ASH_COATED_OSMIUM,9999.0,12.0,9996.0,21.0,,,10015.0,12.0,10017.0,21.0,,,10007.0,0.0,-0.03777077707770777,-2.0,-8.396173191494269,False
-2,22000,ASH_COATED_OSMIUM,9998.0,12.0,9996.0,24.0,,,10014.0,12.0,10017.0,24.0,,,10006.0,0.0,-0.03749474947494749,-3.0,-8.325973999418403,False
-2,22100,ASH_COATED_OSMIUM,9998.0,14.0,9996.0,25.0,,,10014.0,14.0,10017.0,25.0,,,10006.0,0.0,-0.03718271827182718,-3.0,-8.247188446205286,False
-2,22200,ASH_COATED_OSMIUM,9998.0,15.0,9995.0,25.0,,,10014.0,15.0,10016.0,25.0,,,10006.0,0.0,-0.036834683468346834,-2.0,-8.160007818750294,False
-2,22300,ASH_COATED_OSMIUM,9995.0,27.0,,,,,10014.0,15.0,10016.0,27.0,,,10004.5,0.0,-0.03794779477947795,-3.5,-8.417823723727382,False
-2,22400,ASH_COATED_OSMIUM,9996.0,28.0,,,,,10014.0,11.0,10017.0,28.0,,,10005.0,0.0,-0.038721872187218724,-5.0,-8.617496540727359,False
-2,22500,ASH_COATED_OSMIUM,9999.0,14.0,,,,,10015.0,14.0,10017.0,29.0,,,10007.0,0.0,-0.03705970597059706,-4.5,-8.193451992039416,False
-2,22600,ASH_COATED_OSMIUM,9999.0,13.0,,,,,10015.0,13.0,10018.0,22.0,,,10007.0,0.0,-0.034452445244524454,-1.0,-7.710268127735106,False
-2,22700,ASH_COATED_OSMIUM,9999.0,13.0,9996.0,27.0,,,10015.0,13.0,10017.0,27.0,,,10007.0,0.0,-0.033912391239123915,-1.0,-7.539254115332187,False
-2,22900,ASH_COATED_OSMIUM,9998.0,13.0,,,,,10014.0,13.0,10017.0,21.0,,,10006.0,0.0,-0.033954395439543955,-0.5,-7.550821365109921,False
-2,23000,ASH_COATED_OSMIUM,10004.0,5.0,9998.0,13.0,,,10014.0,13.0,10017.0,24.0,,,10009.0,0.0,-0.0330993099309931,0.5,-7.181535879558754,False
-2,23200,ASH_COATED_OSMIUM,9998.0,13.0,9995.0,28.0,,,10014.0,13.0,10016.0,28.0,,,10006.0,0.0,-0.032844284428442845,-2.0,-7.1192539877568874,False
-2,23400,ASH_COATED_OSMIUM,9998.0,10.0,9995.0,21.0,,,10014.0,10.0,10016.0,21.0,,,10006.0,0.0,-0.03286228622862286,-2.0,-7.123946329037043,False
-2,23500,ASH_COATED_OSMIUM,9998.0,14.0,,,,,10014.0,14.0,10016.0,22.0,,,10006.0,0.0,-0.032856285628562854,-5.0,-7.122381966877754,False
-2,23600,ASH_COATED_OSMIUM,9995.0,22.0,,,,,10014.0,14.0,10016.0,22.0,,,10004.5,0.0,-0.0318991899189919,-5.0,-7.0208176578551615,False
-2,23700,ASH_COATED_OSMIUM,9997.0,14.0,9995.0,26.0,,,10013.0,14.0,10016.0,26.0,,,10005.0,0.0,-0.031476147614761474,-4.5,-6.9470744277916605,False
-2,23800,ASH_COATED_OSMIUM,9997.0,12.0,9995.0,27.0,,,10003.0,7.0,10013.0,12.0,10016.0,27.0,10000.0,0.0,-0.03396939693969397,-8.0,-6.978101041412816,False
-2,23900,ASH_COATED_OSMIUM,9997.0,14.0,9994.0,23.0,,,10013.0,14.0,10015.0,23.0,,,10005.0,0.0,-0.034287428742874285,-4.0,-7.047417608427315,False
-2,24000,ASH_COATED_OSMIUM,9997.0,14.0,9994.0,24.0,,,10013.0,14.0,10015.0,24.0,,,10005.0,0.0,-0.03396339633963397,-4.0,-6.986551679449619,False
-2,24100,ASH_COATED_OSMIUM,9997.0,13.0,9994.0,29.0,,,10013.0,13.0,10015.0,29.0,,,10005.0,0.0,-0.033591359135913594,-6.5,-6.916938354214934,False
-2,24200,ASH_COATED_OSMIUM,9994.0,30.0,,,,,10013.0,12.0,,,,,10003.5,0.0,-0.03254725472547255,-4.5,-6.848711631611782,False
-2,24300,ASH_COATED_OSMIUM,9997.0,15.0,9994.0,29.0,,,10013.0,15.0,10015.0,29.0,,,10005.0,0.0,-0.032637263726372635,-4.0,-6.868375762257614,False
-2,24400,ASH_COATED_OSMIUM,9996.0,14.0,9994.0,28.0,,,10012.0,14.0,10015.0,28.0,,,10004.0,0.0,-0.03267926792679268,-4.0,-6.874952613122777,False
-2,24500,ASH_COATED_OSMIUM,9996.0,15.0,9994.0,20.0,,,10012.0,15.0,10015.0,20.0,,,10004.0,0.0,-0.03326732673267327,-5.0,-6.985642462919611,False
-2,24600,ASH_COATED_OSMIUM,9996.0,10.0,9994.0,28.0,,,10012.0,10.0,10015.0,28.0,,,10004.0,0.0,-0.0332013201320132,-5.0,-6.97525604343465,False
-2,24700,ASH_COATED_OSMIUM,9997.0,10.0,9994.0,27.0,,,10013.0,10.0,,,,,10005.0,0.0,-0.032481248124812484,-4.0,-6.839874509038881,False
-2,24800,ASH_COATED_OSMIUM,9997.0,14.0,9994.0,21.0,,,10013.0,14.0,10015.0,21.0,,,10005.0,0.0,-0.031713171317131715,-2.5,-6.696551368120195,False
-2,24900,ASH_COATED_OSMIUM,10006.0,4.0,9997.0,11.0,,,10013.0,11.0,10015.0,26.0,,,10009.5,0.0,-0.029132913291329134,0.5,-5.81699365684543,False
-2,25000,ASH_COATED_OSMIUM,9997.0,15.0,,,,,10013.0,15.0,10015.0,22.0,,,10005.0,0.0,-0.02834083408340834,-4.0,-5.679489015674118,False
-2,25100,ASH_COATED_OSMIUM,9997.0,14.0,9994.0,24.0,,,10015.0,24.0,,,,,10006.0,0.0,-0.026906690669066907,-5.0,-5.399633402736344,False
-2,25200,ASH_COATED_OSMIUM,9997.0,13.0,,,,,10013.0,13.0,10015.0,25.0,,,10005.0,0.0,-0.024818481848184817,-4.0,-5.133216460134758,False
-2,25300,ASH_COATED_OSMIUM,9996.0,14.0,9994.0,23.0,,,10015.0,23.0,,,,,10005.5,0.0,-0.023573357335733573,-3.5,-4.90457271693802,False
-2,25400,ASH_COATED_OSMIUM,9996.0,10.0,9994.0,22.0,,,10012.0,10.0,10015.0,22.0,,,10004.0,0.0,-0.023177317731773176,-5.0,-4.844791979799083,False
-2,25500,ASH_COATED_OSMIUM,9996.0,15.0,9994.0,29.0,,,10012.0,15.0,10015.0,29.0,,,10004.0,0.0,-0.02272127212721272,-6.0,-4.775804934426381,False
-2,25600,ASH_COATED_OSMIUM,9997.0,15.0,9994.0,29.0,,,10013.0,15.0,10015.0,29.0,,,10005.0,0.0,-0.021005100510051004,-3.0,-4.514449681202199,False
-2,25700,ASH_COATED_OSMIUM,9997.0,13.0,,,,,10013.0,13.0,10015.0,28.0,,,10005.0,0.0,-0.02044104410441044,-1.5,-4.404097404214758,False
-2,25800,ASH_COATED_OSMIUM,9997.0,11.0,9994.0,23.0,,,10013.0,11.0,10015.0,23.0,,,10005.0,0.0,-0.02075007500750075,-3.0,-4.474345593035717,False
-2,25900,ASH_COATED_OSMIUM,9997.0,11.0,9994.0,24.0,,,10013.0,11.0,,,,,10005.0,0.0,-0.02013201320132013,-3.0,-4.353292511658115,False
-2,26100,ASH_COATED_OSMIUM,9996.0,12.0,9994.0,21.0,,,10012.0,12.0,10015.0,21.0,,,10004.0,0.0,-0.020072007200720072,-3.0,-4.3427917281042845,False
-2,26200,ASH_COATED_OSMIUM,9996.0,12.0,9993.0,30.0,,,10012.0,12.0,10014.0,30.0,,,10004.0,0.0,-0.02057005700570057,-1.5,-4.440337191225816,False
-2,26300,ASH_COATED_OSMIUM,9996.0,13.0,9993.0,28.0,,,10012.0,13.0,10014.0,28.0,,,10004.0,0.0,-0.021941194119411943,-3.0,-4.755751916038398,False
-2,26400,ASH_COATED_OSMIUM,9996.0,14.0,,,,,10012.0,14.0,10015.0,24.0,,,10004.0,0.0,-0.022385238523852387,-3.0,-4.843924448795394,False
-2,26500,ASH_COATED_OSMIUM,9996.0,13.0,9993.0,25.0,,,10012.0,13.0,10014.0,25.0,,,10004.0,0.0,-0.02279327932793279,-2.0,-4.925109373693057,False
-2,26600,ASH_COATED_OSMIUM,9996.0,15.0,9994.0,22.0,,,10012.0,15.0,,,,,10004.0,0.0,-0.02377137713771377,-2.0,-5.144328471276546,False
-2,26700,ASH_COATED_OSMIUM,9994.0,22.0,,,,,10012.0,11.0,10015.0,22.0,,,10003.0,0.0,-0.02531953195319532,-3.0,-5.457383436743668,False
-2,26800,ASH_COATED_OSMIUM,9996.0,12.0,9994.0,22.0,,,10012.0,12.0,10015.0,22.0,,,10004.0,0.0,-0.026237623762376237,-0.5,-5.669546267664771,False
-2,27000,ASH_COATED_OSMIUM,9996.0,10.0,9993.0,21.0,,,10012.0,10.0,10014.0,21.0,,,10004.0,0.0,-0.02804080408040804,-4.0,-6.177830728097317,False
-2,27200,ASH_COATED_OSMIUM,9994.0,28.0,,,,,10015.0,28.0,,,,,10004.5,0.0,-0.027419741974197418,-1.5,-6.054555569070787,False
-2,27300,ASH_COATED_OSMIUM,9996.0,15.0,9994.0,30.0,,,10012.0,15.0,10015.0,30.0,,,10004.0,0.0,-0.028265826582658266,-2.0,-6.262087366070515,False
-2,27400,ASH_COATED_OSMIUM,9994.0,23.0,,,,,10012.0,15.0,10015.0,23.0,,,10003.0,0.0,-0.02968196819681968,-3.0,-6.571042812017542,False
-2,27500,ASH_COATED_OSMIUM,9996.0,12.0,9993.0,26.0,,,10012.0,12.0,10014.0,26.0,,,10004.0,0.0,-0.030468046804680467,-1.0,-6.771940922930814,False
-2,27600,ASH_COATED_OSMIUM,9996.0,15.0,9993.0,29.0,,,10012.0,15.0,10014.0,29.0,,,10004.0,0.0,-0.03183618361836184,-2.0,-7.181567956375805,False
-2,27700,ASH_COATED_OSMIUM,9996.0,13.0,9993.0,27.0,,,10012.0,13.0,10014.0,27.0,,,10004.0,0.0,-0.032586258625862584,-2.5,-7.385980011113481,False
-2,27800,ASH_COATED_OSMIUM,9995.0,13.0,,,,,10011.0,13.0,10014.0,23.0,,,10003.0,0.0,-0.0336033603360336,-4.0,-7.608790249866361,False
-2,27900,ASH_COATED_OSMIUM,9995.0,12.0,9992.0,22.0,,,10011.0,12.0,10013.0,22.0,,,10003.0,0.0,-0.034275427542754276,-4.0,-7.7444806808493585,False
-2,28000,ASH_COATED_OSMIUM,9995.0,10.0,9992.0,29.0,,,10013.0,29.0,,,,,10004.0,0.0,-0.03430543054305431,-1.5,-7.751779658439994,False
-2,28300,ASH_COATED_OSMIUM,9995.0,14.0,9993.0,27.0,,,10011.0,14.0,10014.0,27.0,,,10003.0,0.0,-0.0358025802580258,-2.0,-8.154283889699547,False
-2,28400,ASH_COATED_OSMIUM,10001.0,2.0,9995.0,11.0,9993.0,23.0,10011.0,11.0,10014.0,23.0,,,10006.0,0.0,-0.03579057905790579,0.0,-8.14918011328055,False
-2,28500,ASH_COATED_OSMIUM,9995.0,15.0,9993.0,25.0,,,10014.0,25.0,,,,,10004.5,0.0,-0.036075607560756076,-3.0,-8.240128394539783,False
-2,28700,ASH_COATED_OSMIUM,10000.0,4.0,9995.0,10.0,,,10011.0,10.0,10013.0,30.0,,,10005.5,0.0,-0.03483948394839484,-2.0,-7.878048034870176,False
-2,28800,ASH_COATED_OSMIUM,9995.0,12.0,9993.0,27.0,,,10011.0,12.0,10014.0,27.0,,,10003.0,0.0,-0.035064506450645065,-3.0,-7.919593770307888,False
-2,28900,ASH_COATED_OSMIUM,9995.0,10.0,9993.0,22.0,,,10011.0,10.0,10014.0,22.0,,,10003.0,0.0,-0.036144614461446144,-3.0,-8.18939046368471,False
-2,29100,ASH_COATED_OSMIUM,9992.0,21.0,,,,,10013.0,21.0,,,,,10002.5,0.0,-0.03748574857485749,-5.0,-8.504106578194989,False
-2,29200,ASH_COATED_OSMIUM,9995.0,10.0,9992.0,30.0,,,10011.0,10.0,10013.0,30.0,,,10003.0,0.0,-0.03757875787578758,-3.0,-8.522098881551514,False
-2,29300,ASH_COATED_OSMIUM,9992.0,23.0,,,,,10013.0,23.0,,,,,10002.5,0.0,-0.03882388238823883,-3.5,-8.822943170734453,False
-2,29400,ASH_COATED_OSMIUM,9995.0,12.0,,,,,10011.0,12.0,,,,,10003.0,0.0,-0.03972997299729973,-4.0,-9.06912057172952,False
-2,29600,ASH_COATED_OSMIUM,9995.0,12.0,,,,,10011.0,12.0,10013.0,22.0,,,10003.0,0.0,-0.03999399939993999,-5.5,-9.129212735303822,False
-2,29800,ASH_COATED_OSMIUM,9992.0,20.0,,,,,10010.0,13.0,10013.0,20.0,,,10001.0,0.0,-0.04048904890489049,-7.5,-9.15880350337799,False
-2,29900,ASH_COATED_OSMIUM,9995.0,15.0,,,,,10013.0,27.0,,,,,10004.0,0.0,-0.03911191119111911,-3.0,-8.880552542014097,False
-2,30000,ASH_COATED_OSMIUM,9995.0,11.0,,,,,10011.0,11.0,10014.0,27.0,,,10003.0,0.0,-0.039183918391839184,-4.0,-8.896614979980031,False
-2,30100,ASH_COATED_OSMIUM,9995.0,10.0,,,,,10011.0,10.0,10014.0,21.0,,,10003.0,0.0,-0.03920792079207921,-4.0,-8.901974293029172,False
-2,30200,ASH_COATED_OSMIUM,9996.0,12.0,,,,,10012.0,12.0,10014.0,27.0,,,10004.0,0.0,-0.03858985898589859,-4.0,-8.736407229690643,False
-2,30300,ASH_COATED_OSMIUM,9995.0,11.0,9993.0,28.0,,,10011.0,11.0,10014.0,28.0,,,10003.0,0.0,-0.037923792379237924,-4.0,-8.620953629920859,False
-2,30400,ASH_COATED_OSMIUM,9995.0,15.0,,,,,10011.0,15.0,10014.0,29.0,,,10003.0,0.0,-0.037803780378037805,-4.0,-8.594834107301544,False
-2,30500,ASH_COATED_OSMIUM,9995.0,10.0,,,,,10011.0,10.0,10014.0,20.0,,,10003.0,0.0,-0.03763576357635764,-4.0,-8.558364438374655,False
-2,30600,ASH_COATED_OSMIUM,9995.0,12.0,9993.0,29.0,,,10011.0,12.0,10014.0,29.0,,,10003.0,0.0,-0.03741974197419742,-4.0,-8.511640102968116,False
-2,30700,ASH_COATED_OSMIUM,9996.0,11.0,,,,,10012.0,11.0,10014.0,24.0,,,10004.0,0.0,-0.03656165616561656,-4.0,-8.290242684212213,False
-2,30800,ASH_COATED_OSMIUM,9995.0,14.0,,,,,10011.0,14.0,10014.0,29.0,,,10003.0,0.0,-0.035655565556555656,-3.5,-8.138712028134204,False
-2,30900,ASH_COATED_OSMIUM,9995.0,14.0,9993.0,29.0,,,10011.0,14.0,10014.0,29.0,,,10003.0,0.0,-0.0355985598559856,-4.0,-8.125545528987493,False
-2,31200,ASH_COATED_OSMIUM,9995.0,11.0,9992.0,24.0,,,10013.0,24.0,,,,,10004.0,0.0,-0.034602460246024605,-2.0,-7.876933685882602,False
-2,31300,ASH_COATED_OSMIUM,9995.0,13.0,9992.0,22.0,,,10011.0,13.0,10013.0,22.0,,,10003.0,0.0,-0.03477047704770477,-3.5,-7.918478827676598,False
-2,31400,ASH_COATED_OSMIUM,9995.0,10.0,9993.0,24.0,,,10011.0,10.0,,,,,10003.0,0.0,-0.0345994599459946,-1.0,-7.87975680066759,False
-2,31500,ASH_COATED_OSMIUM,9996.0,13.0,,,,,10012.0,13.0,10014.0,30.0,,,10004.0,0.0,-0.03530753075307531,-2.0,-8.148456943383668,False
-2,31600,ASH_COATED_OSMIUM,9996.0,14.0,9993.0,22.0,,,10014.0,22.0,,,,,10005.0,0.0,-0.03420942094209421,-1.0,-7.78089525319535,False
-2,31700,ASH_COATED_OSMIUM,9995.0,14.0,9993.0,25.0,,,10011.0,14.0,10014.0,25.0,,,10003.0,0.0,-0.034287428742874285,-3.0,-7.800002751775126,False
-2,31800,ASH_COATED_OSMIUM,9995.0,12.0,9993.0,23.0,,,10011.0,12.0,10014.0,23.0,,,10003.0,0.0,-0.03432943294329433,-4.0,-7.810304671670508,False
-2,31900,ASH_COATED_OSMIUM,9996.0,14.0,9993.0,29.0,,,10012.0,14.0,10014.0,29.0,,,10004.0,0.0,-0.033135313531353135,-2.0,-7.520946389146893,False
-2,32000,ASH_COATED_OSMIUM,9995.0,10.0,9993.0,22.0,,,10011.0,10.0,10014.0,22.0,,,10003.0,0.0,-0.0331053105310531,-3.0,-7.513766622496105,False
-2,32100,ASH_COATED_OSMIUM,10005.0,10.0,9993.0,22.0,,,10011.0,11.0,10014.0,22.0,,,10008.0,0.0,-0.03006900690069007,2.0,-6.323797239994782,False
-2,32200,ASH_COATED_OSMIUM,9996.0,10.0,9993.0,30.0,,,10012.0,10.0,10014.0,30.0,,,10004.0,0.0,-0.029432943294329432,-2.0,-6.172772075662331,False
-2,32300,ASH_COATED_OSMIUM,9996.0,14.0,9993.0,20.0,,,10012.0,14.0,10014.0,20.0,,,10004.0,0.0,-0.028772877287728774,-2.0,-6.01813354550789,False
-2,32400,ASH_COATED_OSMIUM,10005.0,10.0,9996.0,10.0,9993.0,30.0,10012.0,10.0,,,,,10008.5,0.0,-0.025415541554155416,2.5,-4.943910348191114,False
-2,32500,ASH_COATED_OSMIUM,9996.0,13.0,9993.0,20.0,,,10012.0,13.0,10014.0,20.0,,,10004.0,0.0,-0.02476147614761476,-3.0,-4.810501624254739,False
-2,32600,ASH_COATED_OSMIUM,9996.0,15.0,9994.0,21.0,,,10015.0,21.0,,,,,10005.5,0.0,-0.022586258625862585,-0.5,-4.356373431890639,False
-2,32800,ASH_COATED_OSMIUM,9997.0,14.0,9994.0,24.0,,,10013.0,14.0,10015.0,24.0,,,10005.0,0.0,-0.021296129612961297,-3.0,-4.083724319932586,False
-2,32900,ASH_COATED_OSMIUM,9994.0,30.0,,,,,10015.0,30.0,,,,,10004.5,0.0,-0.01907890789078908,2.5,-3.704487947103208,False
-2,33000,ASH_COATED_OSMIUM,9997.0,13.0,,,,,10013.0,13.0,10015.0,26.0,,,10005.0,0.0,-0.02015901590159016,-2.0,-3.997495304098749,False
-2,33100,ASH_COATED_OSMIUM,9995.0,27.0,,,,,10016.0,27.0,,,,,10005.5,0.0,-0.017947794779477947,0.0,-3.546283406718278,False
-2,33200,ASH_COATED_OSMIUM,9997.0,13.0,9995.0,20.0,,,10013.0,13.0,10016.0,20.0,,,10005.0,0.0,-0.016924692469246924,3.5,-3.327306847196479,False
-2,33300,ASH_COATED_OSMIUM,10003.0,2.0,9995.0,24.0,,,10013.0,10.0,10016.0,24.0,,,10008.0,0.0,-0.01653765376537654,1.0,-3.2113998595381035,False
-2,33400,ASH_COATED_OSMIUM,10003.0,2.0,9997.0,13.0,9995.0,28.0,10013.0,13.0,10016.0,28.0,,,10008.0,0.0,-0.012895289528952896,2.0,-2.421618032883678,False
-2,33500,ASH_COATED_OSMIUM,9994.0,26.0,,,,,10013.0,15.0,,,,,10003.5,0.0,-0.012544254425442544,-2.5,-2.3593596192519697,False
-2,33600,ASH_COATED_OSMIUM,9996.0,11.0,,,,,10012.0,11.0,10015.0,26.0,,,10004.0,0.0,-0.011866186618661866,-2.0,-2.2360969332549825,False
-2,33700,ASH_COATED_OSMIUM,9996.0,13.0,,,,,10012.0,13.0,,,,,10004.0,0.0,-0.011164116411641164,-0.5,-2.1083527455239888,False
-2,33900,ASH_COATED_OSMIUM,9997.0,15.0,9994.0,21.0,,,10013.0,15.0,10015.0,21.0,,,10005.0,0.0,-0.010753075307530753,0.0,-2.025896794264065,False
-2,34000,ASH_COATED_OSMIUM,9996.0,15.0,9994.0,26.0,,,10012.0,15.0,10015.0,26.0,,,10004.0,0.0,-0.010639063906390639,-3.0,-2.0043592496679863,False
-2,34100,ASH_COATED_OSMIUM,9996.0,10.0,9994.0,23.0,,,10012.0,10.0,10015.0,23.0,,,10004.0,0.0,-0.0093009300930093,-3.0,-1.7695213992014083,False
-2,34200,ASH_COATED_OSMIUM,9994.0,21.0,,,,,10012.0,10.0,10015.0,21.0,,,10003.0,0.0,-0.008520852085208521,-4.0,-1.6358288226838662,False
-2,34300,ASH_COATED_OSMIUM,9996.0,11.0,,,,,10012.0,11.0,10015.0,27.0,,,10004.0,0.0,-0.007098709870987098,-2.0,-1.37927463148659,False
-2,34400,ASH_COATED_OSMIUM,9996.0,15.0,9994.0,29.0,,,10012.0,15.0,,,,,10004.0,0.0,-0.006246624662466247,-5.0,-1.2190597090966784,False
-2,34500,ASH_COATED_OSMIUM,9996.0,14.0,9994.0,23.0,,,10015.0,23.0,,,,,10005.5,0.0,-0.002661266126612661,-0.5,-0.5429835799601136,False
-2,34600,ASH_COATED_OSMIUM,9997.0,10.0,9994.0,28.0,,,10013.0,10.0,,,,,10005.0,0.0,-0.0011491149114911492,-1.0,-0.2356849471281176,False
-2,34700,ASH_COATED_OSMIUM,9996.0,15.0,9994.0,29.0,,,10015.0,29.0,,,,,10005.5,0.0,0.0006720672067206721,-0.5,0.13835781358772317,False
-2,34800,ASH_COATED_OSMIUM,9994.0,23.0,,,,,10012.0,13.0,10015.0,23.0,,,10003.0,0.0,0.0010141014101410141,-1.5,0.20973110563504585,False
-2,34900,ASH_COATED_OSMIUM,9994.0,26.0,,,,,10015.0,26.0,,,,,10004.5,0.0,0.0013741374137413742,-0.5,0.2842451945987105,False
-2,35000,ASH_COATED_OSMIUM,9997.0,12.0,9995.0,21.0,,,10013.0,12.0,10016.0,21.0,,,10005.0,0.0,0.002334233423342334,5.0,0.48322019218758044,False
-2,35100,ASH_COATED_OSMIUM,9997.0,10.0,9995.0,22.0,,,10013.0,10.0,10016.0,22.0,,,10005.0,0.0,0.000264026402640264,0.0,0.057239115007585425,False
-2,35200,ASH_COATED_OSMIUM,9997.0,13.0,,,,,10013.0,13.0,10015.0,26.0,,,10005.0,0.0,0.001164116411641164,0.0,0.25245028954641674,False
-2,35300,ASH_COATED_OSMIUM,9997.0,15.0,9995.0,21.0,,,10013.0,15.0,10016.0,21.0,,,10005.0,0.0,0.002064206420642064,0.0,0.4479562424571841,False
-2,35400,ASH_COATED_OSMIUM,9997.0,10.0,9995.0,22.0,,,10013.0,10.0,10016.0,22.0,,,10005.0,0.0,0.0029642964296429644,1.5,0.6439867229734412,False
-2,35600,ASH_COATED_OSMIUM,9997.0,10.0,,,,,10006.0,3.0,10013.0,10.0,10015.0,27.0,10001.5,0.0,0.0008760876087608761,-3.5,0.18626617965347458,False
-2,35700,ASH_COATED_OSMIUM,9997.0,15.0,9995.0,24.0,,,10013.0,15.0,10016.0,24.0,,,10005.0,0.0,0.0018001800180018,1.0,0.38295721753608747,False
-2,35800,ASH_COATED_OSMIUM,9994.0,26.0,,,,,10013.0,10.0,10015.0,26.0,,,10003.5,0.0,0.0012271227122712272,-0.5,0.26060035603153986,False
-2,35900,ASH_COATED_OSMIUM,9997.0,11.0,,,,,10013.0,11.0,10015.0,22.0,,,10005.0,0.0,0.001551155115511551,1.0,0.3289919697030807,False
-2,36000,ASH_COATED_OSMIUM,10006.0,10.0,,,,,10013.0,12.0,10015.0,28.0,,,10009.5,0.0,0.004536453645364536,4.5,0.9001994558620374,False
-2,36100,ASH_COATED_OSMIUM,9997.0,15.0,,,,,10013.0,15.0,10015.0,29.0,,,10005.0,0.0,0.005388538853885389,0.0,1.0711059312195026,False
-2,36200,ASH_COATED_OSMIUM,9997.0,15.0,9994.0,28.0,,,10016.0,28.0,,,,,10006.5,0.0,0.007131713171317132,-3.0,1.4089769476306726,False
-2,36300,ASH_COATED_OSMIUM,9997.0,10.0,,,,,10013.0,10.0,10015.0,25.0,,,10005.0,0.0,0.010693069306930694,0.0,2.295387090867893,False
-2,36400,ASH_COATED_OSMIUM,9994.0,30.0,,,,,10013.0,12.0,,,,,10003.5,0.0,0.01069006900690069,-2.5,2.2946598766739226,False
-2,36500,ASH_COATED_OSMIUM,9994.0,24.0,,,,,10013.0,12.0,,,,,10003.5,0.0,0.01131113111311131,-1.5,2.453906005629846,False
-2,36600,ASH_COATED_OSMIUM,9997.0,15.0,9994.0,29.0,,,10015.0,29.0,,,,,10006.0,0.0,0.01284128412841284,0.5,2.790127053550317,False
-2,36700,ASH_COATED_OSMIUM,9996.0,14.0,9994.0,30.0,,,10012.0,14.0,10015.0,30.0,,,10004.0,0.0,0.013474347434743475,0.0,2.9531467699181424,False
-2,36800,ASH_COATED_OSMIUM,9994.0,22.0,,,,,10012.0,14.0,10015.0,22.0,,,10003.0,0.0,0.012622262226222623,-1.0,2.7401457163150913,False
-2,36900,ASH_COATED_OSMIUM,9996.0,15.0,9994.0,22.0,,,10012.0,15.0,10015.0,22.0,,,10004.0,0.0,0.012376237623762377,-1.0,2.6827722947785504,False
-2,37000,ASH_COATED_OSMIUM,9996.0,12.0,9994.0,26.0,,,10012.0,12.0,10015.0,26.0,,,10004.0,0.0,0.012736273627362736,-1.0,2.771629934929252,False
-2,37100,ASH_COATED_OSMIUM,9994.0,20.0,,,,,10012.0,14.0,10015.0,20.0,,,10003.0,0.0,0.012514251425142514,-2.0,2.713831363058092,False
-2,37200,ASH_COATED_OSMIUM,9996.0,15.0,9994.0,27.0,,,10012.0,15.0,,,,,10004.0,0.0,0.01291029102910291,-1.0,2.8118799344286978,False
-2,37300,ASH_COATED_OSMIUM,9996.0,12.0,9994.0,21.0,,,10012.0,12.0,10015.0,21.0,,,10004.0,0.0,0.013318331833183318,0.0,2.9140863205277205,False
-2,37400,ASH_COATED_OSMIUM,10002.0,5.0,9997.0,15.0,9994.0,30.0,10013.0,15.0,10015.0,30.0,,,10007.5,0.0,0.015211521152115211,3.5,3.2662734636181754,False
-2,37500,ASH_COATED_OSMIUM,9997.0,10.0,,,,,10013.0,10.0,10015.0,22.0,,,10005.0,0.0,0.015577557755775578,1.0,3.3479818810469877,False
-2,37600,ASH_COATED_OSMIUM,9997.0,13.0,9995.0,22.0,,,10013.0,13.0,10016.0,22.0,,,10005.0,0.0,0.015931593159315933,1.0,3.4273652167901822,False
-2,37700,ASH_COATED_OSMIUM,9997.0,10.0,9995.0,20.0,,,10013.0,10.0,,,,,10005.0,0.0,0.016273627362736274,1.0,3.5044031961848368,False
-2,37800,ASH_COATED_OSMIUM,9998.0,13.0,9995.0,20.0,,,10014.0,13.0,10016.0,20.0,,,10006.0,0.0,0.017197719771977198,2.0,3.6981246428518277,False
-2,38000,ASH_COATED_OSMIUM,9997.0,14.0,9995.0,25.0,,,10016.0,25.0,,,,,10006.5,0.0,0.018394839483948395,3.5,3.9395505587927246,False
-2,38100,ASH_COATED_OSMIUM,9997.0,15.0,9995.0,26.0,,,10013.0,15.0,,,,,10005.0,0.0,0.018064806480648066,1.0,3.869926992702706,False
-2,38300,ASH_COATED_OSMIUM,9996.0,13.0,9994.0,20.0,,,10006.0,5.0,10012.0,13.0,10015.0,20.0,10001.0,0.0,0.01594059405940594,-3.0,3.265595167375535,False
-2,38400,ASH_COATED_OSMIUM,9996.0,13.0,9993.0,24.0,,,10012.0,13.0,10014.0,24.0,,,10004.0,0.0,0.015634563456345636,-0.5,3.196295188689403,False
-2,38500,ASH_COATED_OSMIUM,9996.0,15.0,9993.0,21.0,,,10012.0,15.0,10014.0,21.0,,,10004.0,0.0,0.01563156315631563,0.0,3.1955974473929594,False
-2,38700,ASH_COATED_OSMIUM,9997.0,11.0,,,,,10015.0,30.0,,,,,10006.0,0.0,0.01651965196519652,3.0,3.372143297646353,False
-2,38800,ASH_COATED_OSMIUM,9997.0,15.0,9994.0,22.0,,,10015.0,22.0,,,,,10006.0,0.0,0.016777677767776777,2.0,3.4198082986660916,False
-2,38900,ASH_COATED_OSMIUM,9994.0,21.0,,,,,10015.0,21.0,,,,,10004.5,0.0,0.016714671467146714,0.5,3.4058972125659452,False
-2,39000,ASH_COATED_OSMIUM,9996.0,12.0,9994.0,28.0,,,10012.0,12.0,10015.0,28.0,,,10004.0,0.0,0.01634863486348635,0.0,3.322802989337765,False
-2,39100,ASH_COATED_OSMIUM,9996.0,13.0,9994.0,25.0,,,10012.0,13.0,10015.0,25.0,,,10004.0,0.0,0.015982598259825984,1.0,3.240335232175938,False
-2,39400,ASH_COATED_OSMIUM,9996.0,11.0,9994.0,24.0,,,10012.0,11.0,10015.0,24.0,,,10004.0,0.0,0.015010501050105011,1.0,3.036453478075378,False
-2,39500,ASH_COATED_OSMIUM,9997.0,13.0,9994.0,29.0,,,10013.0,13.0,10015.0,29.0,,,10005.0,0.0,0.01462046204620462,1.0,2.9600534671053818,False
-2,39600,ASH_COATED_OSMIUM,10002.0,5.0,9997.0,15.0,,,10013.0,15.0,,,,,10007.5,0.0,0.016297629762976298,4.5,3.2552905432873254,False
-2,39700,ASH_COATED_OSMIUM,9997.0,11.0,9995.0,21.0,,,10013.0,11.0,10016.0,21.0,,,10005.0,0.0,0.015841584158415842,-1.0,3.1665114097031726,False
-2,39800,ASH_COATED_OSMIUM,9995.0,24.0,,,,,10013.0,14.0,,,,,10004.0,0.0,0.016585658565856587,-0.5,3.352273045228222,False
-2,39900,ASH_COATED_OSMIUM,9997.0,12.0,9995.0,23.0,,,10013.0,12.0,,,,,10005.0,0.0,0.01703870387038704,-0.5,3.4515503052701684,False
-2,40000,ASH_COATED_OSMIUM,9997.0,12.0,9995.0,27.0,,,10013.0,12.0,10016.0,27.0,,,10005.0,0.0,0.018091809180918093,2.0,3.7018996459414937,False
-2,40100,ASH_COATED_OSMIUM,9997.0,11.0,9995.0,26.0,,,10013.0,11.0,10016.0,26.0,,,10005.0,0.0,0.017635763576357637,2.0,3.6100876288542048,False
-2,40200,ASH_COATED_OSMIUM,9998.0,12.0,9995.0,27.0,,,10014.0,12.0,10016.0,27.0,,,10006.0,0.0,0.01774977497749775,3.5,3.6312480788080364,False
-2,40300,ASH_COATED_OSMIUM,10003.0,3.0,9997.0,11.0,9995.0,28.0,10013.0,11.0,10016.0,28.0,,,10008.0,0.0,0.018712871287128712,5.0,3.77166303927171,False
-2,40400,ASH_COATED_OSMIUM,9997.0,10.0,9994.0,30.0,,,10013.0,10.0,10015.0,30.0,,,10005.0,0.0,0.01813081308130813,2.5,3.655738902707509,False
-2,40500,ASH_COATED_OSMIUM,9997.0,14.0,9994.0,29.0,,,10013.0,14.0,,,,,10005.0,0.0,0.01722172217221722,2.0,3.4820686676339574,False
-2,40600,ASH_COATED_OSMIUM,9997.0,15.0,,,,,10015.0,29.0,,,,,10006.0,0.0,0.017179717971797178,3.0,3.4743551027353545,False
-2,40700,ASH_COATED_OSMIUM,9996.0,13.0,9994.0,24.0,,,10012.0,13.0,10015.0,24.0,,,10004.0,0.0,0.015913591359135913,3.0,3.2072233052198653,False
-2,40800,ASH_COATED_OSMIUM,9996.0,10.0,9993.0,24.0,,,10012.0,10.0,10014.0,24.0,,,10004.0,0.0,0.013423342334233423,0.0,2.7491926070825965,False
-2,40900,ASH_COATED_OSMIUM,9996.0,14.0,,,,,10013.0,14.0,10015.0,23.0,,,10004.5,0.0,0.013012301230123013,1.5,2.6611638648426323,False
-2,41000,ASH_COATED_OSMIUM,9997.0,13.0,9994.0,24.0,,,10002.0,6.0,10013.0,13.0,10015.0,24.0,9999.5,0.0,0.009018901890189019,-3.5,1.7148750944299072,False
-2,41100,ASH_COATED_OSMIUM,10002.0,4.0,9996.0,14.0,9994.0,26.0,10012.0,14.0,10015.0,26.0,,,10007.0,0.0,0.009522952295229523,3.0,1.8004574805339373,False
-2,41200,ASH_COATED_OSMIUM,9996.0,12.0,,,,,10002.0,10.0,10012.0,12.0,10015.0,25.0,9999.0,0.0,0.005832583258325833,-4.0,1.0259573536208109,False
-2,41300,ASH_COATED_OSMIUM,9996.0,10.0,9994.0,28.0,,,10012.0,10.0,,,,,10004.0,0.0,0.004566456645664566,1.0,0.8047902572150931,False
-2,41400,ASH_COATED_OSMIUM,9996.0,13.0,,,,,10012.0,13.0,10015.0,30.0,,,10004.0,0.0,0.0032883288328832885,1.0,0.5809645071835984,False
-2,41500,ASH_COATED_OSMIUM,9996.0,13.0,9994.0,21.0,,,10012.0,13.0,10015.0,21.0,,,10004.0,0.0,0.001998199819981998,1.0,0.35410343648623116,False
-2,41600,ASH_COATED_OSMIUM,9996.0,12.0,,,,,10012.0,12.0,10015.0,23.0,,,10004.0,0.0,0.0006960696069606961,0.0,0.12379913735797735,False
-2,41700,ASH_COATED_OSMIUM,9996.0,12.0,,,,,10012.0,12.0,10015.0,28.0,,,10004.0,0.0,-1.2001200120012002e-05,1.0,-0.0021343010498736884,False
-2,41900,ASH_COATED_OSMIUM,9996.0,14.0,,,,,10012.0,14.0,10014.0,30.0,,,10004.0,0.0,-0.001326132613261326,1.0,-0.23691469834389572,False
-2,42000,ASH_COATED_OSMIUM,9996.0,11.0,9994.0,20.0,,,10006.0,4.0,10012.0,11.0,,,10001.0,0.0,-0.004434443444344434,-3.0,-0.7788345945639885,False
-2,42100,ASH_COATED_OSMIUM,10002.0,5.0,9997.0,10.0,9994.0,20.0,10015.0,20.0,,,,,10008.5,0.0,-0.0024572457245724574,5.5,-0.41912171782712004,False
-2,42300,ASH_COATED_OSMIUM,9997.0,13.0,9994.0,24.0,,,10013.0,13.0,10015.0,24.0,,,10005.0,0.0,-0.003219321932193219,2.0,-0.5519650235841089,False
-2,42400,ASH_COATED_OSMIUM,9996.0,14.0,9994.0,25.0,,,10012.0,14.0,10015.0,25.0,,,10004.0,0.0,-0.0045994599459946,0.0,-0.7931755673570702,False
-2,42500,ASH_COATED_OSMIUM,9994.0,22.0,,,,,10006.0,5.0,10012.0,14.0,10015.0,22.0,10000.0,0.0,-0.007761776177617761,-5.0,-1.2970822232789696,False
-2,42600,ASH_COATED_OSMIUM,9996.0,13.0,,,,,10012.0,13.0,,,,,10004.0,0.0,-0.007893789378937893,1.0,-1.3190353682071114,False
-2,42700,ASH_COATED_OSMIUM,9995.0,10.0,,,,,10011.0,10.0,10014.0,23.0,,,10003.0,0.0,-0.00981998199819982,0.0,-1.6489325441285312,False
-2,42800,ASH_COATED_OSMIUM,9995.0,11.0,9993.0,25.0,,,10011.0,11.0,,,,,10003.0,0.0,-0.011746174617461747,-1.0,-1.9842645323687509,False
-2,42900,ASH_COATED_OSMIUM,9995.0,15.0,,,,,10011.0,15.0,10014.0,26.0,,,10003.0,0.0,-0.013066306630663067,0.0,-2.209317091400971,False
-2,43000,ASH_COATED_OSMIUM,9995.0,10.0,9992.0,21.0,,,10011.0,10.0,10013.0,21.0,,,10003.0,0.0,-0.01498049804980498,-5.0,-2.553050351755795,False
-2,43100,ASH_COATED_OSMIUM,9995.0,10.0,,,,,10011.0,10.0,,,,,10003.0,0.0,-0.013864386438643864,-1.0,-2.39114504458612,False
-2,43300,ASH_COATED_OSMIUM,9995.0,13.0,9992.0,23.0,,,10011.0,13.0,10013.0,23.0,,,10003.0,0.0,-0.015112511251125112,-1.0,-2.6108481590063373,False
-2,43400,ASH_COATED_OSMIUM,9995.0,14.0,,,,,10011.0,14.0,10014.0,28.0,,,10003.0,0.0,-0.01634863486348635,-5.5,-2.830514808401698,False
-2,43500,ASH_COATED_OSMIUM,9995.0,11.0,9993.0,22.0,,,10011.0,11.0,10014.0,22.0,,,10003.0,0.0,-0.014845484548454845,-1.0,-2.6181363542232186,False
-2,43600,ASH_COATED_OSMIUM,9993.0,20.0,,,,,10001.0,8.0,10011.0,11.0,,,9997.0,0.0,-0.01956795679567957,-8.5,-3.2065789361678814,False
-2,43700,ASH_COATED_OSMIUM,9995.0,11.0,9993.0,29.0,,,10011.0,11.0,10014.0,29.0,,,10003.0,0.0,-0.019732973297329735,-2.0,-3.2328381207129553,False
-2,44100,ASH_COATED_OSMIUM,9996.0,13.0,9993.0,30.0,,,10012.0,13.0,10014.0,30.0,,,10004.0,0.0,-0.019576957695769576,-0.5,-3.2059558612884578,False
-2,44200,ASH_COATED_OSMIUM,9995.0,12.0,,,,,10014.0,26.0,,,,,10004.5,0.0,-0.019414941494149414,-0.5,-3.1766791612306213,False
-2,44300,ASH_COATED_OSMIUM,9993.0,27.0,,,,,10012.0,14.0,10014.0,27.0,,,10002.5,0.0,-0.02013801380138014,-3.0,-3.2915939900729336,False
-2,44400,ASH_COATED_OSMIUM,9995.0,13.0,9993.0,21.0,,,10014.0,21.0,,,,,10004.5,0.0,-0.01933993399339934,-0.5,-3.1544694599001795,False
-2,44500,ASH_COATED_OSMIUM,9995.0,11.0,,,,,10011.0,11.0,10013.0,27.0,,,10003.0,0.0,-0.019723972397239723,-5.0,-3.216951660848845,False
-2,44600,ASH_COATED_OSMIUM,9995.0,14.0,9992.0,26.0,,,10011.0,14.0,10013.0,26.0,,,10003.0,0.0,-0.018265826582658264,-5.0,-3.016376499187819,False
-2,44700,ASH_COATED_OSMIUM,9995.0,12.0,9992.0,27.0,,,10011.0,12.0,10013.0,27.0,,,10003.0,0.0,-0.01674767476747675,-0.5,-2.8044367387696623,False
-2,44800,ASH_COATED_OSMIUM,9992.0,23.0,,,,,10013.0,23.0,,,,,10002.5,0.0,-0.018193819381938193,-1.5,-3.0560586278198705,False
-2,45000,ASH_COATED_OSMIUM,9995.0,10.0,,,,,10004.0,5.0,10011.0,10.0,10013.0,23.0,9999.5,0.0,-0.021107110711071107,-4.5,-3.472350636169856,False
-2,45100,ASH_COATED_OSMIUM,9995.0,13.0,9992.0,25.0,,,10011.0,13.0,10013.0,25.0,,,10003.0,0.0,-0.021887188718871887,-2.0,-3.6096334583794274,False
-2,45200,ASH_COATED_OSMIUM,9995.0,12.0,9992.0,24.0,,,10011.0,12.0,10013.0,24.0,,,10003.0,0.0,-0.02204920492049205,-1.0,-3.636675020577171,False
-2,45300,ASH_COATED_OSMIUM,9995.0,10.0,9992.0,29.0,,,10011.0,10.0,10013.0,29.0,,,10003.0,0.0,-0.02279327932793279,-1.0,-3.7690807309850376,False
-2,45400,ASH_COATED_OSMIUM,9995.0,11.0,9992.0,24.0,,,10011.0,11.0,,,,,10003.0,0.0,-0.023525352535253525,0.0,-3.900634631884567,False
-2,45500,ASH_COATED_OSMIUM,9995.0,10.0,,,,,10014.0,28.0,,,,,10004.5,0.0,-0.02396039603960396,0.5,-3.9916856280516204,False
-2,45600,ASH_COATED_OSMIUM,9995.0,12.0,9992.0,27.0,,,10011.0,12.0,10013.0,27.0,,,10003.0,0.0,-0.0246984698469847,-1.0,-4.1270250183463375,False
-2,45700,ASH_COATED_OSMIUM,9995.0,12.0,9992.0,21.0,,,10011.0,12.0,10013.0,21.0,,,10003.0,0.0,-0.025424542454245424,-2.5,-4.261647918463681,False
-2,45800,ASH_COATED_OSMIUM,9992.0,20.0,,,,,10011.0,13.0,10013.0,20.0,,,10001.5,0.0,-0.02612061206120612,-3.5,-4.365944322053455,False
-2,45900,ASH_COATED_OSMIUM,9996.0,11.0,9993.0,26.0,,,10014.0,26.0,,,,,10005.0,0.0,-0.024992499249924992,-0.5,-4.143468954731534,False
-2,46000,ASH_COATED_OSMIUM,9996.0,15.0,9994.0,26.0,,,10015.0,26.0,,,,,10005.5,0.0,-0.023264326432643263,2.5,-3.812626990067405,False
-2,46100,ASH_COATED_OSMIUM,10005.0,10.0,9996.0,10.0,9993.0,23.0,10014.0,23.0,,,,,10009.5,0.0,-0.020675067506750675,5.0,-3.1967455980218147,False
-2,46200,ASH_COATED_OSMIUM,9997.0,11.0,9994.0,20.0,,,10013.0,11.0,,,,,10005.0,0.0,-0.01992799279927993,0.0,-3.0671236744739723,False
-2,46300,ASH_COATED_OSMIUM,9996.0,10.0,9994.0,23.0,,,10012.0,10.0,10015.0,23.0,,,10004.0,0.0,-0.019477947794779477,-1.0,-2.994697782632743,False
-2,46400,ASH_COATED_OSMIUM,9997.0,11.0,9994.0,26.0,,,10013.0,11.0,10015.0,26.0,,,10005.0,0.0,-0.018421842184218423,0.0,-2.8187491653852317,False
-2,46500,ASH_COATED_OSMIUM,9997.0,12.0,9994.0,24.0,,,10013.0,12.0,10015.0,24.0,,,10005.0,0.0,-0.017365736573657364,0.0,-2.645237466163598,False
-2,46600,ASH_COATED_OSMIUM,9997.0,10.0,9994.0,21.0,,,10013.0,10.0,10015.0,21.0,,,10005.0,0.0,-0.01630963096309631,0.0,-2.47397190636602,False
-2,46700,ASH_COATED_OSMIUM,9994.0,27.0,,,,,10006.0,2.0,10012.0,13.0,10015.0,27.0,10000.0,0.0,-0.018223822382238224,-1.5,-2.724540506802392,False
-2,46800,ASH_COATED_OSMIUM,9996.0,10.0,9994.0,30.0,,,10012.0,10.0,10015.0,30.0,,,10004.0,0.0,-0.019822982298229822,-1.0,-3.0123855914700024,False
-2,46900,ASH_COATED_OSMIUM,9996.0,10.0,9994.0,30.0,,,10012.0,10.0,10015.0,30.0,,,10004.0,0.0,-0.01933093309330933,0.5,-2.9343550757779,False
-2,47000,ASH_COATED_OSMIUM,9996.0,11.0,,,,,10012.0,11.0,,,,,10004.0,0.0,-0.019735973597359735,-1.0,-3.0028626973841717,False
-2,47100,ASH_COATED_OSMIUM,9996.0,15.0,9994.0,26.0,,,10012.0,15.0,,,,,10004.0,0.0,-0.01923792379237924,-5.5,-2.923821915009192,False
-2,47300,ASH_COATED_OSMIUM,9996.0,14.0,9993.0,29.0,,,10012.0,14.0,10014.0,29.0,,,10004.0,0.0,-0.016000600060006,-1.0,-2.504284570491933,False
-2,47400,ASH_COATED_OSMIUM,9996.0,11.0,,,,,10012.0,11.0,,,,,10004.0,0.0,-0.015424542454245424,-2.5,-2.412141381250637,False
-2,47500,ASH_COATED_OSMIUM,9996.0,10.0,9994.0,26.0,,,10012.0,10.0,,,,,10004.0,0.0,-0.013927392739273927,-1.0,-2.186462013336083,False
-2,47600,ASH_COATED_OSMIUM,9997.0,10.0,9994.0,26.0,,,10013.0,10.0,10015.0,26.0,,,10005.0,0.0,-0.012715271527152716,1.5,-1.9881140372327653,False
-2,47700,ASH_COATED_OSMIUM,9995.0,22.0,,,,,10014.0,14.0,10016.0,22.0,,,10004.5,0.0,-0.01270927092709271,1.0,-1.9871082473666961,False
-2,47800,ASH_COATED_OSMIUM,9998.0,15.0,,,,,10014.0,15.0,,,,,10006.0,0.0,-0.011824182418241824,0.0,-1.8336979669074922,False
-2,47900,ASH_COATED_OSMIUM,9998.0,14.0,9995.0,24.0,,,10014.0,14.0,10016.0,24.0,,,10006.0,0.0,-0.009453945394539453,2.0,-1.4571311906762259,False
-2,48000,ASH_COATED_OSMIUM,9998.0,13.0,9995.0,28.0,,,10014.0,13.0,10016.0,28.0,,,10006.0,0.0,-0.008295829582958296,3.0,-1.2683909709647179,False
-2,48100,ASH_COATED_OSMIUM,9996.0,22.0,,,,,10014.0,15.0,10017.0,22.0,,,10005.0,0.0,-0.008361836183618361,1.0,-1.279053691111553,False
-2,48300,ASH_COATED_OSMIUM,9996.0,26.0,,,,,10014.0,14.0,,,,,10005.0,0.0,-0.007845784578457846,1.0,-1.1974487642037772,False
-2,48400,ASH_COATED_OSMIUM,9996.0,28.0,,,,,10014.0,10.0,10017.0,28.0,,,10005.0,0.0,-0.007341734173417342,2.0,-1.1181644901125625,False
-2,48500,ASH_COATED_OSMIUM,9998.0,12.0,9996.0,25.0,,,10014.0,12.0,10017.0,25.0,,,10006.0,0.0,-0.0068616861686168614,2.0,-1.0406740477448455,False
-2,48600,ASH_COATED_OSMIUM,9998.0,10.0,9996.0,22.0,,,10014.0,10.0,10017.0,22.0,,,10006.0,0.0,-0.005811581158115812,2.0,-0.8757439959654041,False
-2,48700,ASH_COATED_OSMIUM,9998.0,11.0,9996.0,21.0,,,10014.0,11.0,10017.0,21.0,,,10006.0,0.0,-0.004785478547854785,-1.5,-0.7168224538050402,False
-2,48800,ASH_COATED_OSMIUM,9998.0,12.0,9996.0,24.0,,,10017.0,24.0,,,,,10007.5,0.0,-0.0007710771077107711,2.5,-0.11520673536612261,False
-2,48900,ASH_COATED_OSMIUM,9999.0,14.0,9996.0,27.0,,,10015.0,14.0,,,,,10007.0,0.0,0.0014311431143114312,2.0,0.21174811226615028,False
-2,49000,ASH_COATED_OSMIUM,9998.0,13.0,9996.0,20.0,,,10014.0,13.0,10017.0,20.0,,,10006.0,0.0,0.0030153015301530154,1.0,0.4449132478383106,False
-2,49100,ASH_COATED_OSMIUM,9996.0,27.0,,,,,10017.0,27.0,,,,,10006.5,0.0,0.004884488448844884,0.5,0.7174306920331757,False
-2,49200,ASH_COATED_OSMIUM,9998.0,10.0,9995.0,29.0,,,10014.0,10.0,10016.0,29.0,,,10006.0,0.0,0.007044704470447045,-0.5,1.0376693822926397,False
-2,49300,ASH_COATED_OSMIUM,9997.0,15.0,9995.0,22.0,,,10013.0,15.0,10016.0,22.0,,,10005.0,0.0,0.008913891389138914,0.0,1.3256633391372479,False
-2,49400,ASH_COATED_OSMIUM,9997.0,13.0,9994.0,21.0,,,10013.0,13.0,10016.0,21.0,,,10005.0,0.0,0.009891989198919891,4.0,1.4741879469700787,False
-2,49500,ASH_COATED_OSMIUM,9998.0,12.0,9995.0,29.0,,,10007.0,3.0,10014.0,12.0,10016.0,29.0,10002.5,0.0,0.0069606960696069605,-1.5,1.0419017531461892,False
-2,49600,ASH_COATED_OSMIUM,9998.0,14.0,9996.0,29.0,,,10014.0,14.0,10017.0,29.0,,,10006.0,0.0,0.007908790879087909,2.0,1.1806048149621422,False
-2,49700,ASH_COATED_OSMIUM,9998.0,11.0,9996.0,27.0,,,10017.0,27.0,,,,,10007.5,0.0,0.009723972397239725,1.5,1.43613305696064,False
-2,49800,ASH_COATED_OSMIUM,9998.0,15.0,9996.0,24.0,,,10017.0,24.0,,,,,10007.5,0.0,0.01270927092709271,1.5,1.8723307649170893,False
-2,50000,ASH_COATED_OSMIUM,10008.0,3.0,9998.0,10.0,,,10014.0,10.0,10017.0,27.0,,,10011.0,0.0,0.017755775577557757,6.5,2.519707306246027,False
-2,50100,ASH_COATED_OSMIUM,9999.0,11.0,9996.0,30.0,,,10017.0,30.0,,,,,10008.0,0.0,0.020051005100510052,4.0,2.8240619521865233,False
-2,50200,ASH_COATED_OSMIUM,9996.0,29.0,,,,,10015.0,14.0,10017.0,29.0,,,10005.5,0.0,0.020516051605160516,1.5,2.8909991439962717,False
-2,50300,ASH_COATED_OSMIUM,9999.0,13.0,9997.0,20.0,,,10015.0,13.0,,,,,10007.0,0.0,0.021854185418541856,3.0,3.072227072319497,False
-2,50400,ASH_COATED_OSMIUM,9999.0,13.0,9997.0,21.0,,,10015.0,13.0,,,,,10007.0,0.0,0.023156315631563156,2.0,3.2488909880190837,False
-2,50500,ASH_COATED_OSMIUM,10005.0,2.0,10000.0,12.0,9997.0,26.0,10018.0,26.0,,,,,10011.5,0.0,0.027701770177017703,4.0,3.753387859163548,False
-2,50600,ASH_COATED_OSMIUM,9999.0,15.0,9997.0,22.0,,,10015.0,15.0,10018.0,22.0,,,10007.0,0.0,0.03101110111011101,2.0,4.294235227828452,False
-2,50700,ASH_COATED_OSMIUM,9999.0,10.0,,,,,10015.0,10.0,10018.0,26.0,,,10007.0,0.0,0.03281128112811281,3.0,4.5626966472363515,False
-2,50800,ASH_COATED_OSMIUM,9999.0,13.0,9997.0,30.0,,,10015.0,13.0,,,,,10007.0,0.0,0.03398139813981398,2.0,4.72912158692818,False
-2,50900,ASH_COATED_OSMIUM,9997.0,24.0,,,,,10018.0,24.0,,,,,10007.5,0.0,0.03601860186018602,2.5,5.032939236734095,False
-2,51000,ASH_COATED_OSMIUM,9999.0,10.0,,,,,10015.0,10.0,10018.0,25.0,,,10007.0,0.0,0.03772877287728773,2.0,5.302477830801198,False
-2,51100,ASH_COATED_OSMIUM,10005.0,5.0,10000.0,11.0,9997.0,30.0,10018.0,30.0,,,,,10011.5,0.0,0.042088208820882086,5.5,5.788912088883433,False
-2,51200,ASH_COATED_OSMIUM,10000.0,12.0,9998.0,27.0,,,10016.0,12.0,,,,,10008.0,0.0,0.044896489648964893,0.0,6.255348149746283,False
-2,51300,ASH_COATED_OSMIUM,9998.0,26.0,,,,,10016.0,11.0,,,,,10007.0,0.0,0.0482988298829883,2.0,7.001764567263746,False
-2,51400,ASH_COATED_OSMIUM,10000.0,15.0,9997.0,20.0,,,10018.0,20.0,,,,,10009.0,0.0,0.051083108310831085,4.0,7.448619510913256,False
-2,51500,ASH_COATED_OSMIUM,10000.0,13.0,,,,,10016.0,13.0,,,,,10008.0,0.0,0.053225322532253226,2.0,7.8421506394369755,False
-2,51600,ASH_COATED_OSMIUM,9997.0,30.0,,,,,10018.0,30.0,,,,,10007.5,0.0,0.05564056405640564,3.5,8.376638515696543,False
-2,51800,ASH_COATED_OSMIUM,9997.0,21.0,,,,,10016.0,11.0,10018.0,21.0,,,10006.5,0.0,0.05623162316231623,2.5,8.501650874243653,False
-2,51900,ASH_COATED_OSMIUM,9997.0,23.0,,,,,10018.0,23.0,,,,,10007.5,0.0,0.057386738673867385,3.0,8.72772857864526,False
-2,52000,ASH_COATED_OSMIUM,10000.0,10.0,9997.0,22.0,,,10016.0,10.0,10018.0,22.0,,,10008.0,0.0,0.0590999099909991,8.5,9.07396320485128,False
-2,52100,ASH_COATED_OSMIUM,9999.0,15.0,9997.0,23.0,,,10015.0,15.0,10018.0,23.0,,,10007.0,0.0,0.05714671467146715,0.0,8.844487043485588,False
-2,52200,ASH_COATED_OSMIUM,10000.0,11.0,9997.0,24.0,,,10016.0,11.0,10018.0,24.0,,,10008.0,0.0,0.06024302430243024,9.0,9.687537164040693,False
-2,52300,ASH_COATED_OSMIUM,9999.0,15.0,9997.0,28.0,,,10018.0,28.0,,,,,10008.5,0.0,0.058775877587758776,4.5,9.584209074569713,False
-2,52400,ASH_COATED_OSMIUM,9999.0,13.0,9996.0,20.0,,,10015.0,13.0,,,,,10007.0,0.0,0.05933393339333933,3.0,9.71805496032705,False
-2,52500,ASH_COATED_OSMIUM,9996.0,30.0,,,,,10017.0,30.0,,,,,10006.5,0.0,0.05955895589558956,2.5,9.775674154628586,False
-2,52600,ASH_COATED_OSMIUM,9999.0,13.0,9996.0,24.0,,,10015.0,13.0,10017.0,24.0,,,10007.0,0.0,0.06005100510051005,3.0,9.896414868248325,False
-2,52700,ASH_COATED_OSMIUM,9999.0,13.0,9996.0,20.0,,,10017.0,20.0,,,,,10008.0,0.0,0.0611011101110111,4.0,10.13031569536833,False
-2,52800,ASH_COATED_OSMIUM,9996.0,22.0,,,,,10015.0,10.0,10017.0,22.0,,,10005.5,0.0,0.060618061806180616,1.5,9.988356359712197,False
-2,52900,ASH_COATED_OSMIUM,10009.0,9.0,9999.0,13.0,9996.0,25.0,10015.0,13.0,10018.0,25.0,,,10012.0,0.0,0.06397839783978398,11.0,10.37250347305331,False
-2,53000,ASH_COATED_OSMIUM,9999.0,10.0,9997.0,21.0,,,10015.0,10.0,,,,,10007.0,0.0,0.062454245424542455,-1.5,10.112113370488595,False
-2,53100,ASH_COATED_OSMIUM,9999.0,13.0,9997.0,22.0,,,10018.0,22.0,,,,,10008.5,0.0,0.0662946294629463,3.5,11.522992764082682,False
-2,53300,ASH_COATED_OSMIUM,9996.0,23.0,,,,,10015.0,12.0,,,,,10005.5,0.0,0.06623162316231623,1.5,11.498366910945563,False
-2,53400,ASH_COATED_OSMIUM,9999.0,15.0,9996.0,27.0,,,10015.0,15.0,10017.0,27.0,,,10007.0,0.0,0.06644764476447645,7.0,11.56382252404852,False
-2,53500,ASH_COATED_OSMIUM,9996.0,21.0,,,,,10015.0,12.0,10017.0,21.0,,,10005.5,0.0,0.06331233123312331,1.5,10.914198890416266,False
-2,53600,ASH_COATED_OSMIUM,9999.0,12.0,,,,,10018.0,25.0,,,,,10008.5,0.0,0.06431743174317432,5.5,11.151597500473935,False
-2,53800,ASH_COATED_OSMIUM,9999.0,10.0,,,,,10017.0,24.0,,,,,10008.0,0.0,0.06436543654365437,5.0,11.162278334067308,False
-2,53900,ASH_COATED_OSMIUM,9999.0,11.0,9996.0,30.0,,,10015.0,11.0,10017.0,30.0,,,10007.0,0.0,0.06375937593759376,4.0,11.008019822862193,False
-2,54000,ASH_COATED_OSMIUM,9999.0,13.0,9996.0,30.0,,,10015.0,13.0,10017.0,30.0,,,10007.0,0.0,0.0631053105310531,4.0,10.84465891812048,False
-2,54100,ASH_COATED_OSMIUM,9999.0,15.0,9996.0,26.0,,,10017.0,26.0,,,,,10008.0,0.0,0.06299729972997299,5.0,10.82150113354991,False
-2,54200,ASH_COATED_OSMIUM,9999.0,12.0,9996.0,28.0,,,10015.0,12.0,10017.0,28.0,,,10007.0,0.0,0.06223522352235224,4.0,10.635543276196982,False
-2,54300,ASH_COATED_OSMIUM,9999.0,14.0,9996.0,22.0,,,10015.0,14.0,10017.0,22.0,,,10007.0,0.0,0.06142514251425143,4.0,10.442220622259468,False
-2,54400,ASH_COATED_OSMIUM,9996.0,29.0,,,,,10014.0,11.0,10017.0,29.0,,,10005.0,0.0,0.059378937893789376,2.0,9.856923498056277,False
-2,54500,ASH_COATED_OSMIUM,9999.0,15.0,9996.0,22.0,,,10015.0,15.0,,,,,10007.0,0.0,0.058496849684968495,10.0,9.665203659145284,False
-2,54600,ASH_COATED_OSMIUM,9998.0,15.0,,,,,10014.0,15.0,10017.0,24.0,,,10006.0,0.0,0.053336333633363334,3.0,9.27890758803063,False
-2,54700,ASH_COATED_OSMIUM,9999.0,11.0,9996.0,24.0,,,10015.0,11.0,10017.0,24.0,,,10007.0,0.0,0.052298229822982295,3.0,9.06115099131203,False
-2,54800,ASH_COATED_OSMIUM,9999.0,14.0,9996.0,29.0,,,10017.0,29.0,,,,,10008.0,0.0,0.05241224122412241,3.5,9.084825333343344,False
-2,54900,ASH_COATED_OSMIUM,9996.0,24.0,,,,,10014.0,13.0,,,,,10005.0,0.0,0.050999099909991,2.5,8.666259807064808,False
-2,55000,ASH_COATED_OSMIUM,9998.0,11.0,9996.0,23.0,,,10014.0,11.0,10017.0,23.0,,,10006.0,0.0,0.048961896189618964,1.5,8.246255721062724,False
-2,55100,ASH_COATED_OSMIUM,9999.0,15.0,9996.0,21.0,,,10015.0,15.0,10017.0,21.0,,,10007.0,0.0,0.04868886888688869,4.0,8.184875485247794,False
-2,55200,ASH_COATED_OSMIUM,10005.0,3.0,9999.0,12.0,9997.0,20.0,10018.0,20.0,,,,,10011.5,0.0,0.05015001500150015,8.5,8.306889438579304,False
-2,55300,ASH_COATED_OSMIUM,9999.0,10.0,9997.0,29.0,,,10015.0,10.0,10018.0,29.0,,,10007.0,0.0,0.04883588358835884,4.0,8.061110414288928,False
-2,55400,ASH_COATED_OSMIUM,9999.0,15.0,9997.0,27.0,,,10015.0,15.0,10018.0,27.0,,,10007.0,0.0,0.047473747374737474,4.5,7.812179717070542,False
-2,55500,ASH_COATED_OSMIUM,9998.0,12.0,9996.0,29.0,,,10014.0,12.0,10017.0,29.0,,,10006.0,0.0,0.04516651665166516,6.5,7.379440425818315,False
-2,55600,ASH_COATED_OSMIUM,9998.0,13.0,9996.0,29.0,,,10014.0,13.0,10017.0,29.0,,,10006.0,0.0,0.040999099909990996,3.0,6.8717003746365855,False
-2,55900,ASH_COATED_OSMIUM,9995.0,26.0,,,,,10013.0,14.0,10016.0,26.0,,,10004.0,0.0,0.03768676867686769,1.0,6.147579569458633,False
-2,56000,ASH_COATED_OSMIUM,9997.0,15.0,9994.0,29.0,,,10013.0,15.0,10015.0,29.0,,,10005.0,0.0,0.034956495649564955,2.0,5.634441739725023,False
-2,56100,ASH_COATED_OSMIUM,9997.0,15.0,9995.0,22.0,,,10013.0,15.0,10016.0,22.0,,,10005.0,0.0,0.0322022202220222,2.0,5.139783119910751,False
-2,56300,ASH_COATED_OSMIUM,9995.0,29.0,,,,,10014.0,11.0,10016.0,29.0,,,10004.5,0.0,0.029126912691269127,0.0,4.591788450129137,False
-2,56400,ASH_COATED_OSMIUM,9997.0,12.0,,,,,10013.0,12.0,10016.0,24.0,,,10005.0,0.0,0.02723972397239724,2.0,4.247409864639055,False
-2,56500,ASH_COATED_OSMIUM,10002.0,4.0,9994.0,20.0,,,10013.0,10.0,10015.0,20.0,,,10007.5,0.0,0.025922592259225923,4.5,4.066583369313723,False
-2,56600,ASH_COATED_OSMIUM,9997.0,11.0,9994.0,26.0,,,10013.0,11.0,10015.0,26.0,,,10005.0,0.0,0.023066306630663065,3.5,3.6068972562475046,False
-2,56700,ASH_COATED_OSMIUM,9997.0,13.0,,,,,10015.0,20.0,,,,,10006.0,0.0,0.01987098709870987,1.0,3.1672297062415065,False
-2,56800,ASH_COATED_OSMIUM,9997.0,13.0,,,,,10013.0,13.0,10016.0,23.0,,,10005.0,0.0,0.01814881488148815,-0.5,2.8684910337160154,False
-2,56900,ASH_COATED_OSMIUM,9997.0,12.0,9995.0,20.0,,,10016.0,20.0,,,,,10006.5,0.0,0.01762076207620762,-3.0,2.7820790788174876,False
-2,57000,ASH_COATED_OSMIUM,9998.0,15.0,9995.0,30.0,,,10014.0,15.0,10016.0,30.0,,,10006.0,0.0,0.019207920792079208,1.0,3.100262703086991,False
-2,57100,ASH_COATED_OSMIUM,9997.0,14.0,9995.0,24.0,,,10013.0,14.0,10016.0,24.0,,,10005.0,0.0,0.017515751575157515,1.0,2.804071177622297,False
-2,57200,ASH_COATED_OSMIUM,9995.0,24.0,,,,,10014.0,10.0,10016.0,24.0,,,10004.5,0.0,0.01492049204920492,-0.5,2.3706188840996574,False
-2,57300,ASH_COATED_OSMIUM,9998.0,12.0,9995.0,21.0,,,10014.0,12.0,10016.0,21.0,,,10006.0,0.0,0.013816381638163816,1.0,2.192471751579093,False
-2,57400,ASH_COATED_OSMIUM,9998.0,15.0,9995.0,23.0,,,10014.0,15.0,10016.0,23.0,,,10006.0,0.0,0.0127002700270027,1.0,2.0134794121945476,False
-2,57500,ASH_COATED_OSMIUM,9998.0,13.0,9995.0,23.0,,,10016.0,23.0,,,,,10007.0,0.0,0.012166216621662167,7.0,1.930813662035724,False
-2,57600,ASH_COATED_OSMIUM,9998.0,13.0,9996.0,30.0,,,10014.0,13.0,,,,,10006.0,0.0,0.007983798379837984,2.0,1.3410617720033022,False
-2,57700,ASH_COATED_OSMIUM,9998.0,14.0,9995.0,25.0,,,10014.0,14.0,,,,,10006.0,0.0,0.006153615361536154,2.0,1.0407564452579883,False
-2,57800,ASH_COATED_OSMIUM,9997.0,15.0,9995.0,29.0,,,10013.0,15.0,10016.0,29.0,,,10005.0,0.0,0.0037053705370537053,1.0,0.6289697570577104,False
-2,57900,ASH_COATED_OSMIUM,9997.0,15.0,9995.0,28.0,,,10013.0,15.0,,,,,10005.0,0.0,0.001245124512451245,1.0,0.2125140962643544,False
-2,58000,ASH_COATED_OSMIUM,9997.0,10.0,9995.0,22.0,,,10013.0,10.0,,,,,10005.0,0.0,-0.0012271227122712272,1.0,-0.21099650561530986,False
-2,58100,ASH_COATED_OSMIUM,9995.0,27.0,,,,,10013.0,11.0,10016.0,27.0,,,10004.0,0.0,-0.004305430543054305,0.0,-0.7422025017789254,False
-2,58300,ASH_COATED_OSMIUM,9997.0,10.0,,,,,10006.0,4.0,10013.0,10.0,10015.0,22.0,10001.5,0.0,-0.008868886888688868,-2.5,-1.4913577251402261,False
-2,58400,ASH_COATED_OSMIUM,9997.0,14.0,9994.0,28.0,,,10013.0,14.0,10015.0,28.0,,,10005.0,0.0,-0.011323132313231322,0.0,-1.9317426898963435,False
-2,58500,ASH_COATED_OSMIUM,9994.0,21.0,,,,,10006.0,3.0,10012.0,12.0,,,10000.0,0.0,-0.016153615361536155,-4.5,-2.62276698365116,False
-2,58600,ASH_COATED_OSMIUM,9996.0,11.0,9994.0,29.0,,,10015.0,29.0,,,,,10005.5,0.0,-0.01795979597959796,-0.5,-2.9551324484364225,False
-2,58800,ASH_COATED_OSMIUM,9997.0,14.0,,,,,10013.0,14.0,10016.0,21.0,,,10005.0,0.0,-0.019165916591659164,-1.0,-3.1626259489578783,False
-2,59000,ASH_COATED_OSMIUM,9998.0,15.0,9995.0,22.0,,,10014.0,15.0,10016.0,22.0,,,10006.0,0.0,-0.019765976597659767,0.0,-3.2722811218250807,False
-2,59100,ASH_COATED_OSMIUM,9998.0,12.0,9995.0,26.0,,,10014.0,12.0,,,,,10006.0,0.0,-0.020366036603660365,1.0,-3.3830330333333927,False
-2,59200,ASH_COATED_OSMIUM,9997.0,10.0,9995.0,24.0,,,10013.0,10.0,10016.0,24.0,,,10005.0,0.0,-0.022166216621662165,0.0,-3.722406000786029,False
-2,59300,ASH_COATED_OSMIUM,9997.0,14.0,9994.0,23.0,,,10013.0,14.0,10015.0,23.0,,,10005.0,0.0,-0.023966396639663965,0.0,-4.07368380269443,False
-2,59400,ASH_COATED_OSMIUM,9994.0,27.0,,,,,10013.0,11.0,10015.0,27.0,,,10003.5,0.0,-0.026657665766576657,-2.5,-4.568665474469324,False
-2,59500,ASH_COATED_OSMIUM,9997.0,14.0,,,,,10013.0,14.0,10015.0,26.0,,,10005.0,0.0,-0.027833783378337834,-1.0,-4.799497750081821,False
-2,59600,ASH_COATED_OSMIUM,9996.0,15.0,9993.0,27.0,,,10012.0,15.0,10015.0,27.0,,,10004.0,0.0,-0.02959195919591959,-2.0,-5.126550146325396,False
-2,59700,ASH_COATED_OSMIUM,9996.0,15.0,,,,,10012.0,15.0,10014.0,20.0,,,10004.0,0.0,-0.03132613261326132,-3.5,-5.457379474682061,False
-2,59800,ASH_COATED_OSMIUM,9993.0,22.0,,,,,10012.0,12.0,10014.0,22.0,,,10002.5,0.0,-0.03301830183018302,-4.5,-5.699176241971084,False
-2,59900,ASH_COATED_OSMIUM,9996.0,12.0,9993.0,22.0,,,10012.0,12.0,10014.0,22.0,,,10004.0,0.0,-0.034062406240624066,-2.0,-5.886013810442034,False
-2,60000,ASH_COATED_OSMIUM,9993.0,26.0,,,,,10011.0,13.0,10014.0,26.0,,,10002.0,0.0,-0.036864686468646865,-4.5,-6.345718132154101,False
-2,60100,ASH_COATED_OSMIUM,9995.0,14.0,,,,,10011.0,14.0,10014.0,23.0,,,10003.0,0.0,-0.038721872187218724,-3.0,-6.675884907935219,False
-2,60200,ASH_COATED_OSMIUM,9995.0,15.0,9993.0,23.0,,,10011.0,15.0,10014.0,23.0,,,10003.0,0.0,-0.04084008400840084,-2.0,-7.085744465042535,False
-2,60300,ASH_COATED_OSMIUM,9996.0,12.0,9993.0,26.0,,,10014.0,26.0,,,,,10005.0,0.0,-0.04234023402340234,0.0,-7.490983529521881,False
-2,60400,ASH_COATED_OSMIUM,9996.0,13.0,9993.0,20.0,,,10012.0,13.0,,,,,10004.0,0.0,-0.04443444344434443,1.5,-8.04317863864513,False
-2,60500,ASH_COATED_OSMIUM,9995.0,10.0,,,,,10011.0,10.0,10014.0,29.0,,,10003.0,0.0,-0.048625862586258624,-3.0,-9.515820599109402,False
-2,60600,ASH_COATED_OSMIUM,9995.0,11.0,9993.0,26.0,,,10011.0,11.0,10014.0,26.0,,,10003.0,0.0,-0.0507020702070207,-4.5,-10.08431426409944,False
-2,60700,ASH_COATED_OSMIUM,9995.0,13.0,,,,,10011.0,13.0,10014.0,26.0,,,10003.0,0.0,-0.05183318331833183,-4.5,-10.338914707273755,False
-2,60800,ASH_COATED_OSMIUM,9995.0,14.0,9993.0,20.0,,,10011.0,14.0,,,,,10003.0,0.0,-0.05291029102910291,-8.0,-10.587946350821436,False
-2,60900,ASH_COATED_OSMIUM,9993.0,21.0,,,,,10011.0,11.0,,,,,10002.0,0.0,-0.052406240624062406,-6.0,-10.568679408028428,False
-2,61100,ASH_COATED_OSMIUM,9995.0,10.0,9993.0,29.0,,,10014.0,29.0,,,,,10004.5,0.0,-0.052127212721272125,-1.0,-10.491452280730185,False
-2,61200,ASH_COATED_OSMIUM,9995.0,10.0,9992.0,29.0,,,10011.0,10.0,10013.0,29.0,,,10003.0,0.0,-0.05421242124212421,-4.0,-11.186113772561447,False
-2,61300,ASH_COATED_OSMIUM,9994.0,11.0,9992.0,25.0,,,10010.0,11.0,10013.0,25.0,,,10002.0,0.0,-0.05595259525952595,-5.0,-11.589797631885114,False
-2,61400,ASH_COATED_OSMIUM,9995.0,13.0,9992.0,29.0,,,10011.0,13.0,10013.0,29.0,,,10003.0,0.0,-0.057038703870387036,-8.5,-11.908547635181458,False
-2,61600,ASH_COATED_OSMIUM,9995.0,14.0,9992.0,27.0,,,10011.0,14.0,10013.0,27.0,,,10003.0,0.0,-0.05534953495349535,-4.0,-11.814403869590423,False
-2,61800,ASH_COATED_OSMIUM,9994.0,10.0,9991.0,25.0,,,10010.0,10.0,,,,,10002.0,0.0,-0.05687968796879688,-5.0,-12.194174875437643,False
-2,61900,ASH_COATED_OSMIUM,9994.0,14.0,9992.0,20.0,,,10010.0,14.0,10013.0,20.0,,,10002.0,0.0,-0.05834983498349835,-5.0,-12.57555218894901,False
-2,62000,ASH_COATED_OSMIUM,9991.0,20.0,,,,,10010.0,11.0,10012.0,20.0,,,10000.5,0.0,-0.06065106510651065,-7.0,-12.993803378327062,False
-2,62200,ASH_COATED_OSMIUM,9993.0,15.0,9990.0,27.0,,,10009.0,15.0,,,,,10001.0,0.0,-0.06227422742274227,-6.0,-13.305814566950097,False
-2,62300,ASH_COATED_OSMIUM,9993.0,11.0,,,,,10009.0,11.0,10012.0,24.0,,,10001.0,0.0,-0.06412241224122413,-10.5,-13.738590118889952,False
-2,62400,ASH_COATED_OSMIUM,9999.0,4.0,9993.0,13.0,9991.0,24.0,10009.0,13.0,10012.0,24.0,,,10004.0,0.0,-0.06138913891389139,-4.0,-13.364144081673558,False
-2,62500,ASH_COATED_OSMIUM,9994.0,12.0,9991.0,26.0,,,10010.0,12.0,,,,,10002.0,0.0,-0.06187518751875187,-5.0,-13.475125213931078,False
-2,62700,ASH_COATED_OSMIUM,9994.0,12.0,9991.0,23.0,,,9999.0,7.0,10010.0,12.0,10012.0,23.0,9996.5,0.0,-0.06616261626162616,-12.5,-13.320600653979543,False
-2,62800,ASH_COATED_OSMIUM,9994.0,11.0,,,,,10010.0,11.0,10012.0,22.0,,,10002.0,0.0,-0.06584458445844585,-6.0,-13.263545363470483,False
-2,62900,ASH_COATED_OSMIUM,9994.0,11.0,9991.0,28.0,,,10012.0,28.0,,,,,10003.0,0.0,-0.06545454545454546,-4.5,-13.151779919885366,False
-2,63000,ASH_COATED_OSMIUM,9991.0,22.0,,,,,10009.0,15.0,10012.0,22.0,,,10000.0,0.0,-0.06708970897089708,-6.5,-13.401769203815615,False
-2,63200,ASH_COATED_OSMIUM,9993.0,14.0,9991.0,26.0,,,10003.0,3.0,10009.0,14.0,,,9998.0,0.0,-0.07042904290429043,-9.5,-13.768081637004503,False
-2,63400,ASH_COATED_OSMIUM,9994.0,12.0,9991.0,21.0,,,10012.0,21.0,,,,,10003.0,0.0,-0.0700900090009001,-5.0,-13.656274680065021,False
-2,63500,ASH_COATED_OSMIUM,9991.0,22.0,,,,,10003.0,4.0,10012.0,22.0,,,9997.0,0.0,-0.07295829582958296,-10.0,-13.643816258059603,False
-2,63600,ASH_COATED_OSMIUM,9994.0,13.0,9992.0,20.0,,,10013.0,20.0,,,,,10003.5,0.0,-0.07243924392439244,-4.5,-13.453133351619908,False
-2,63800,ASH_COATED_OSMIUM,9994.0,13.0,9992.0,20.0,,,10013.0,20.0,,,,,10003.5,0.0,-0.07127212721272128,-5.0,-13.09274004987849,False
-2,63900,ASH_COATED_OSMIUM,9994.0,14.0,9991.0,25.0,,,10010.0,14.0,,,,,10002.0,0.0,-0.07063906390639065,-5.0,-12.959631568802768,False
-2,64000,ASH_COATED_OSMIUM,9993.0,14.0,9991.0,28.0,,,10009.0,14.0,10012.0,28.0,,,10001.0,0.0,-0.07143114311431144,-5.5,-13.144467976032232,False
-2,64100,ASH_COATED_OSMIUM,9993.0,10.0,,,,,10009.0,10.0,10012.0,30.0,,,10001.0,0.0,-0.07245424542454246,-6.0,-13.413315398727823,False
-2,64200,ASH_COATED_OSMIUM,9993.0,14.0,9991.0,22.0,,,10003.0,5.0,10009.0,14.0,10012.0,22.0,9998.0,0.0,-0.07489048904890488,-10.0,-13.675397386482187,False
-2,64300,ASH_COATED_OSMIUM,9993.0,10.0,9991.0,28.0,,,10009.0,10.0,10012.0,28.0,,,10001.0,0.0,-0.07483048304830484,-4.5,-13.663084154874252,False
-2,64400,ASH_COATED_OSMIUM,9993.0,14.0,9991.0,24.0,,,10009.0,14.0,10012.0,24.0,,,10001.0,0.0,-0.0762016201620162,-11.0,-14.115809696540484,False
-2,64500,ASH_COATED_OSMIUM,9993.0,11.0,9990.0,26.0,,,10011.0,26.0,,,,,10002.0,0.0,-0.07298529852985298,-5.0,-13.924292601060948,False
-2,64600,ASH_COATED_OSMIUM,9993.0,14.0,,,,,10009.0,14.0,10011.0,23.0,,,10001.0,0.0,-0.07327332733273327,-7.5,-13.998918919420355,False
-2,64700,ASH_COATED_OSMIUM,9993.0,14.0,9990.0,28.0,,,10009.0,14.0,,,,,10001.0,0.0,-0.07258025802580258,-4.5,-13.873934437619994,False
-2,64800,ASH_COATED_OSMIUM,9993.0,10.0,9990.0,25.0,,,10009.0,10.0,,,,,10001.0,0.0,-0.07361536153615361,-6.0,-14.22692105085985,False
-2,64900,ASH_COATED_OSMIUM,9992.0,10.0,9990.0,29.0,,,10008.0,10.0,,,,,10000.0,0.0,-0.07428142814281428,-5.5,-14.370055541839076,False
-2,65000,ASH_COATED_OSMIUM,9992.0,14.0,,,,,10008.0,14.0,10010.0,21.0,,,10000.0,0.0,-0.07577257725772578,-8.5,-14.82860948250646,False
-2,65100,ASH_COATED_OSMIUM,9997.0,4.0,9992.0,15.0,9989.0,26.0,10008.0,15.0,10010.0,26.0,,,10002.5,0.0,-0.0738943894389439,-5.5,-14.306129367807129,False
-2,65200,ASH_COATED_OSMIUM,9991.0,12.0,9989.0,29.0,,,10007.0,12.0,10010.0,29.0,,,9999.0,0.0,-0.07432643264326433,-8.0,-14.35213975293577,False
-2,65300,ASH_COATED_OSMIUM,9988.0,22.0,,,,,10007.0,13.0,10009.0,22.0,,,9997.5,0.0,-0.07614761476147615,-9.5,-14.506494505738328,False
-2,65400,ASH_COATED_OSMIUM,9990.0,10.0,9988.0,20.0,,,10006.0,10.0,10009.0,20.0,,,9998.0,0.0,-0.07755775577557755,-10.0,-14.674724308542537,False
-2,65500,ASH_COATED_OSMIUM,9990.0,12.0,9988.0,21.0,,,10006.0,12.0,,,,,9998.0,0.0,-0.07825382538253825,-9.0,-14.72393739460152,False
-2,65600,ASH_COATED_OSMIUM,9990.0,15.0,9988.0,30.0,,,10006.0,15.0,10009.0,30.0,,,9998.0,0.0,-0.07943594359435943,-9.0,-14.875664764913054,False
-2,65700,ASH_COATED_OSMIUM,9991.0,12.0,9988.0,26.0,,,10009.0,26.0,,,,,10000.0,0.0,-0.07932193219321933,-5.0,-14.848633637895654,False
-2,65800,ASH_COATED_OSMIUM,9990.0,14.0,9988.0,28.0,,,10006.0,14.0,10009.0,28.0,,,9998.0,0.0,-0.08152415241524152,-9.0,-15.387695736212036,False
-2,65900,ASH_COATED_OSMIUM,9990.0,11.0,,,,,10006.0,11.0,10009.0,25.0,,,9998.0,0.0,-0.08243024302430244,-8.0,-15.517765869176586,False
-2,66000,ASH_COATED_OSMIUM,9990.0,15.0,9988.0,27.0,,,10006.0,15.0,,,,,9998.0,0.0,-0.08383438343834383,-9.0,-15.807261490861077,False
-2,66100,ASH_COATED_OSMIUM,9990.0,14.0,9988.0,24.0,,,10009.0,24.0,,,,,9999.5,0.0,-0.08364536453645365,-8.5,-15.762177687051542,False
-2,66200,ASH_COATED_OSMIUM,9987.0,24.0,,,,,10008.0,24.0,,,,,9997.5,0.0,-0.08394839483948395,-7.5,-15.7825795544511,False
-2,66300,ASH_COATED_OSMIUM,9990.0,12.0,9987.0,26.0,,,10006.0,12.0,10008.0,26.0,,,9998.0,0.0,-0.08564656465646564,-8.0,-16.249787155384364,False
-2,66400,ASH_COATED_OSMIUM,9990.0,11.0,9987.0,25.0,,,10006.0,11.0,10008.0,25.0,,,9998.0,0.0,-0.08665466546654665,-9.0,-16.4786289630424,False
-2,66500,ASH_COATED_OSMIUM,9990.0,12.0,9987.0,24.0,,,10006.0,12.0,10008.0,24.0,,,9998.0,0.0,-0.08696069606960696,-13.5,-16.530866799358662,False
-2,66600,ASH_COATED_OSMIUM,9990.0,12.0,9987.0,30.0,,,10006.0,12.0,10008.0,30.0,,,9998.0,0.0,-0.08443144314431443,-9.0,-16.843236892624173,False
-2,66700,ASH_COATED_OSMIUM,9990.0,14.0,9987.0,21.0,,,10006.0,14.0,10008.0,21.0,,,9998.0,0.0,-0.08446744674467446,-9.0,-16.84905197645198,False
-2,66800,ASH_COATED_OSMIUM,9990.0,15.0,9987.0,28.0,,,9999.0,4.0,10008.0,28.0,,,9994.5,0.0,-0.08647464746474648,-11.5,-16.719239872247456,False
-2,66900,ASH_COATED_OSMIUM,9990.0,13.0,,,,,10006.0,13.0,10008.0,29.0,,,9998.0,0.0,-0.08685868586858686,-8.0,-16.809915323695645,False
-2,67000,ASH_COATED_OSMIUM,9986.0,21.0,,,,,10005.0,12.0,,,,,9995.5,0.0,-0.08863186318631863,-8.5,-16.955955536859733,False
-2,67100,ASH_COATED_OSMIUM,9989.0,12.0,9987.0,29.0,,,10005.0,12.0,10008.0,29.0,,,9997.0,0.0,-0.0906000600060006,-8.0,-17.587931405157523,False
-2,67200,ASH_COATED_OSMIUM,9989.0,12.0,9986.0,23.0,,,10005.0,12.0,,,,,9997.0,0.0,-0.09187818781878188,-8.0,-17.935400934687074,False
-2,67300,ASH_COATED_OSMIUM,9989.0,10.0,9986.0,26.0,,,10005.0,10.0,10007.0,26.0,,,9997.0,0.0,-0.09306030603060306,-7.5,-18.27118455394681,False
-2,67400,ASH_COATED_OSMIUM,9989.0,12.0,9987.0,26.0,,,10005.0,12.0,10008.0,26.0,,,9997.0,0.0,-0.09444944494449445,-8.0,-18.736933780810794,False
-2,67500,ASH_COATED_OSMIUM,9987.0,27.0,,,,,10005.0,12.0,,,,,9996.0,0.0,-0.09603960396039604,-11.5,-19.116519748609267,False
-2,67600,ASH_COATED_OSMIUM,9987.0,30.0,,,,,10006.0,12.0,10008.0,30.0,,,9996.5,0.0,-0.09570957095709572,-8.5,-19.086834754401476,False
-2,67700,ASH_COATED_OSMIUM,9987.0,29.0,,,,,9999.0,2.0,10005.0,15.0,10008.0,29.0,9993.0,0.0,-0.09884188418841884,-13.0,-19.16565030610629,False
-2,67800,ASH_COATED_OSMIUM,9989.0,11.0,,,,,10005.0,11.0,10007.0,21.0,,,9997.0,0.0,-0.09884788478847885,-8.0,-19.167204126604915,False
-2,67900,ASH_COATED_OSMIUM,9989.0,11.0,9986.0,30.0,,,10005.0,11.0,10007.0,30.0,,,9997.0,0.0,-0.09935193519351936,-9.5,-19.336498237834313,False
-2,68000,ASH_COATED_OSMIUM,9989.0,15.0,9987.0,25.0,,,10005.0,15.0,10008.0,25.0,,,9997.0,0.0,-0.09885088508850885,-9.0,-19.223717141391234,False
-2,68100,ASH_COATED_OSMIUM,9989.0,10.0,9987.0,28.0,,,10005.0,10.0,10008.0,28.0,,,9997.0,0.0,-0.09853885388538854,-8.0,-19.14300351469497,False
-2,68200,ASH_COATED_OSMIUM,9989.0,10.0,9986.0,20.0,,,10005.0,10.0,10007.0,20.0,,,9997.0,0.0,-0.09872487248724872,-7.5,-19.204791325685957,False
-2,68300,ASH_COATED_OSMIUM,9987.0,20.0,,,,,10005.0,11.0,10008.0,20.0,,,9996.0,0.0,-0.0997119711971197,-10.0,-19.502791621771284,False
-2,68400,ASH_COATED_OSMIUM,9987.0,25.0,,,,,10005.0,12.0,10008.0,25.0,,,9996.0,0.0,-0.09968796879687969,-10.0,-19.49815177503844,False
-2,68500,ASH_COATED_OSMIUM,9989.0,15.0,9986.0,23.0,,,10005.0,15.0,10007.0,23.0,,,9997.0,0.0,-0.09894989498949895,-10.0,-19.302034361027083,False
-2,68600,ASH_COATED_OSMIUM,9987.0,25.0,,,,,10008.0,25.0,,,,,9997.5,0.0,-0.0972007200720072,-8.5,-18.92134557467476,False
-2,68700,ASH_COATED_OSMIUM,9989.0,10.0,9986.0,25.0,,,10005.0,10.0,10007.0,25.0,,,9997.0,0.0,-0.09624062406240624,-9.0,-18.687882984236584,False
-2,68800,ASH_COATED_OSMIUM,9987.0,26.0,,,,,10005.0,15.0,10008.0,26.0,,,9996.0,0.0,-0.09576657665766576,-9.0,-18.60940239800247,False
-2,68900,ASH_COATED_OSMIUM,9986.0,25.0,,,,,10005.0,15.0,10007.0,25.0,,,9995.5,0.0,-0.09607560756075607,-9.5,-18.671501363912224,False
-2,69000,ASH_COATED_OSMIUM,9988.0,12.0,9986.0,21.0,,,10004.0,12.0,10007.0,21.0,,,9996.0,0.0,-0.09597359735973597,-9.0,-18.647260394429548,False
-2,69100,ASH_COATED_OSMIUM,9988.0,12.0,9985.0,25.0,,,10004.0,12.0,10006.0,25.0,,,9996.0,0.0,-0.09576357635763576,-8.0,-18.597626436746573,False
-2,69200,ASH_COATED_OSMIUM,9987.0,12.0,9985.0,24.0,,,10006.0,24.0,,,,,9996.5,0.0,-0.09575457545754576,-5.0,-18.59454136640032,False
-2,69300,ASH_COATED_OSMIUM,9985.0,28.0,,,,,10004.0,10.0,,,,,9994.5,0.0,-0.09835883588358836,-10.5,-19.640197332246547,False
-2,69400,ASH_COATED_OSMIUM,9987.0,15.0,9985.0,20.0,,,10003.0,15.0,10006.0,20.0,,,9995.0,0.0,-0.09846084608460846,-5.0,-19.659269224178363,False
-2,69500,ASH_COATED_OSMIUM,9987.0,11.0,9985.0,20.0,,,10003.0,11.0,10006.0,20.0,,,9995.0,0.0,-0.10147314731473148,-10.5,-21.628251033966816,False
-2,69600,ASH_COATED_OSMIUM,9985.0,21.0,,,,,10003.0,15.0,10006.0,21.0,,,9994.0,0.0,-0.10168616861686168,-11.0,-21.644988694500622,False
-2,69700,ASH_COATED_OSMIUM,9987.0,15.0,9985.0,21.0,,,10003.0,15.0,10006.0,21.0,,,9995.0,0.0,-0.10147014701470147,-11.0,-21.595602545921285,False
-2,69800,ASH_COATED_OSMIUM,9988.0,14.0,9985.0,26.0,,,10004.0,14.0,,,,,9996.0,0.0,-0.09993399339933993,-10.0,-21.258073371117842,False
-2,69900,ASH_COATED_OSMIUM,9988.0,12.0,9986.0,29.0,,,10004.0,12.0,10007.0,29.0,,,9996.0,0.0,-0.09827782778277827,-9.0,-20.92008035262289,False
-2,70000,ASH_COATED_OSMIUM,9988.0,12.0,,,,,10007.0,26.0,,,,,9997.5,0.0,-0.09621662166216621,-7.5,-20.06040359479247,False
-2,70100,ASH_COATED_OSMIUM,9989.0,15.0,9986.0,22.0,,,10005.0,15.0,10007.0,22.0,,,9997.0,0.0,-0.09436243624362436,-6.5,-19.43099739108779,False
-2,70200,ASH_COATED_OSMIUM,9989.0,12.0,9986.0,29.0,,,10007.0,29.0,,,,,9998.0,0.0,-0.09272727272727273,-7.0,-18.593951425443933,False
-2,70300,ASH_COATED_OSMIUM,9989.0,10.0,9987.0,28.0,,,10005.0,10.0,10008.0,28.0,,,9997.0,0.0,-0.09071107110711071,-7.0,-18.015837456678863,False
-2,70400,ASH_COATED_OSMIUM,9987.0,24.0,,,,,10005.0,14.0,10008.0,24.0,,,9996.0,0.0,-0.0897989798979898,-8.0,-17.767923403861776,False
-2,70500,ASH_COATED_OSMIUM,9989.0,11.0,9986.0,23.0,,,10005.0,11.0,10007.0,23.0,,,9997.0,0.0,-0.0881968196819682,-5.5,-17.242513615361634,False
-2,70600,ASH_COATED_OSMIUM,9989.0,14.0,,,,,10005.0,14.0,10008.0,30.0,,,9997.0,0.0,-0.08741974197419743,-7.0,-16.923156103766612,False
-2,70700,ASH_COATED_OSMIUM,9989.0,15.0,9987.0,22.0,,,10005.0,15.0,10008.0,22.0,,,9997.0,0.0,-0.08566756675667567,-5.0,-16.40313296787494,False
-2,70900,ASH_COATED_OSMIUM,9989.0,11.0,9986.0,26.0,,,10005.0,11.0,10007.0,26.0,,,9997.0,0.0,-0.08504350435043505,-6.0,-16.150872692739984,False
-2,71000,ASH_COATED_OSMIUM,9989.0,13.0,,,,,10005.0,13.0,10007.0,29.0,,,9997.0,0.0,-0.08375337533753376,-6.0,-15.724739545804102,False
-2,71100,ASH_COATED_OSMIUM,9989.0,13.0,9986.0,25.0,,,10005.0,13.0,10007.0,25.0,,,9997.0,0.0,-0.08239123912391239,-8.0,-15.2970403081061,False
-2,71200,ASH_COATED_OSMIUM,9989.0,11.0,9987.0,26.0,,,10008.0,26.0,,,,,9998.5,0.0,-0.07885388538853885,-5.5,-14.363739085391638,False
-2,71300,ASH_COATED_OSMIUM,9990.0,10.0,9987.0,29.0,,,10008.0,29.0,,,,,9999.0,0.0,-0.07554755475547555,-4.0,-13.360648443279823,False
-2,71400,ASH_COATED_OSMIUM,9987.0,29.0,,,,,10006.0,15.0,10008.0,29.0,,,9996.5,0.0,-0.07427242724272427,-6.5,-13.082486963693759,False
-2,71500,ASH_COATED_OSMIUM,9990.0,13.0,9987.0,30.0,,,10006.0,13.0,10008.0,30.0,,,9998.0,0.0,-0.07202820282028202,-5.0,-12.483513202593935,False
-2,71600,ASH_COATED_OSMIUM,9996.0,3.0,9990.0,15.0,,,10006.0,15.0,10009.0,20.0,,,10001.0,0.0,-0.06794179417941794,-2.0,-11.100783644659732,False
-2,71700,ASH_COATED_OSMIUM,9990.0,14.0,9987.0,20.0,,,10006.0,14.0,10008.0,20.0,,,9998.0,0.0,-0.06561356135613561,-4.0,-10.60809929682495,False
-2,71800,ASH_COATED_OSMIUM,9988.0,23.0,,,,,10006.0,10.0,10009.0,23.0,,,9997.0,0.0,-0.06442544254425442,-7.5,-10.366784056499192,False
-2,71900,ASH_COATED_OSMIUM,9990.0,15.0,9987.0,28.0,,,10006.0,15.0,10008.0,28.0,,,9998.0,0.0,-0.06106810681068107,-5.0,-9.846250037412258,False
-2,72000,ASH_COATED_OSMIUM,9990.0,15.0,,,,,10006.0,15.0,,,,,9998.0,0.0,-0.05854185418541854,-4.0,-9.377516892505922,False
-2,72100,ASH_COATED_OSMIUM,9990.0,13.0,9987.0,23.0,,,10008.0,23.0,,,,,9999.0,0.0,-0.05596759675967597,-4.0,-8.804872863582295,False
-2,72200,ASH_COATED_OSMIUM,9990.0,11.0,9987.0,24.0,,,10006.0,11.0,10008.0,24.0,,,9998.0,0.0,-0.053345334533453345,-5.0,-8.366575425380226,False
-2,72300,ASH_COATED_OSMIUM,9988.0,29.0,,,,,10006.0,10.0,,,,,9997.0,0.0,-0.05125712571257126,-5.0,-8.071702355719333,False
-2,72400,ASH_COATED_OSMIUM,9990.0,11.0,,,,,10009.0,21.0,,,,,9999.5,0.0,-0.04821782178217822,-2.5,-7.452626070165323,False
-2,72500,ASH_COATED_OSMIUM,9991.0,15.0,9988.0,22.0,,,10007.0,15.0,10009.0,22.0,,,9999.0,0.0,-0.045445544554455444,-1.5,-6.945578441456163,False
-2,72600,ASH_COATED_OSMIUM,9991.0,15.0,9988.0,21.0,,,10007.0,15.0,10009.0,21.0,,,9999.0,0.0,-0.043546354635463545,-2.0,-6.568200220911339,False
-2,72700,ASH_COATED_OSMIUM,10000.0,9.0,9991.0,13.0,,,10007.0,13.0,10009.0,23.0,,,10003.5,0.0,-0.03865286528652865,2.5,-5.436175412650242,False
-2,72800,ASH_COATED_OSMIUM,9990.0,10.0,9988.0,25.0,,,10000.0,5.0,10006.0,10.0,10009.0,25.0,9995.0,0.0,-0.03883888388838884,-9.0,-5.457983568007089,False
-2,72900,ASH_COATED_OSMIUM,9990.0,15.0,9988.0,23.0,,,10006.0,15.0,10009.0,23.0,,,9998.0,0.0,-0.03535253525352535,-4.0,-5.0499765022816465,False
-2,73000,ASH_COATED_OSMIUM,9988.0,24.0,,,,,10006.0,13.0,10009.0,24.0,,,9997.0,0.0,-0.0336003600360036,0.5,-4.8271007131439045,False
-2,73200,ASH_COATED_OSMIUM,9991.0,13.0,9989.0,28.0,,,10010.0,28.0,,,,,10000.5,0.0,-0.03304230423042304,-1.5,-4.706545163643826,False
-2,73300,ASH_COATED_OSMIUM,9991.0,11.0,,,,,10007.0,11.0,10009.0,30.0,,,9999.0,0.0,-0.03009000900090009,-4.0,-4.281923309024185,False
-2,73500,ASH_COATED_OSMIUM,9990.0,14.0,9988.0,20.0,,,10009.0,20.0,,,,,9999.5,0.0,-0.026198619861986197,-0.5,-3.7488874470436953,False
-2,73600,ASH_COATED_OSMIUM,9990.0,10.0,9988.0,26.0,,,10006.0,10.0,10009.0,26.0,,,9998.0,0.0,-0.024974497449744976,0.0,-3.5686263936632794,False
-2,73700,ASH_COATED_OSMIUM,9990.0,12.0,9988.0,30.0,,,10006.0,12.0,,,,,9998.0,0.0,-0.02493849384938494,-5.0,-3.5628149035680123,False
-2,73800,ASH_COATED_OSMIUM,9990.0,11.0,9988.0,30.0,,,10006.0,11.0,10009.0,30.0,,,9998.0,0.0,-0.021872187218721872,1.0,-3.1792107816716304,False
-2,73900,ASH_COATED_OSMIUM,9991.0,13.0,9988.0,26.0,,,10007.0,13.0,10009.0,26.0,,,9999.0,0.0,-0.02178817881788179,-4.5,-3.164603221657454,False
-2,74000,ASH_COATED_OSMIUM,9991.0,13.0,9988.0,29.0,,,10009.0,29.0,,,,,10000.0,0.0,-0.017194719471947194,-3.5,-2.5366326005958393,False
-2,74100,ASH_COATED_OSMIUM,9990.0,10.0,,,,,10006.0,10.0,10009.0,29.0,,,9998.0,0.0,-0.013747374737473747,-4.0,-2.092374612961186,False
-2,74200,ASH_COATED_OSMIUM,9991.0,12.0,9988.0,27.0,,,10009.0,27.0,,,,,10000.0,0.0,-0.009954995499549955,-1.0,-1.5263588814243603,False
-2,74300,ASH_COATED_OSMIUM,9988.0,25.0,,,,,10007.0,12.0,10009.0,25.0,,,9997.5,0.0,-0.00822982298229823,-3.5,-1.2755959152096117,False
-2,74400,ASH_COATED_OSMIUM,9991.0,15.0,,,,,10007.0,15.0,10010.0,20.0,,,9999.0,0.0,-0.005571557155715572,1.0,-0.8710407303566194,False
-2,74500,ASH_COATED_OSMIUM,9991.0,15.0,,,,,10007.0,15.0,10009.0,22.0,,,9999.0,0.0,-0.004707470747074708,-2.0,-0.7335625766752741,False
-2,74600,ASH_COATED_OSMIUM,9989.0,30.0,,,,,10001.0,2.0,10007.0,11.0,10010.0,30.0,9995.0,0.0,-0.004413441344134413,-6.0,-0.6905389404101417,False
-2,74700,ASH_COATED_OSMIUM,9991.0,10.0,9988.0,24.0,,,10007.0,10.0,10009.0,24.0,,,9999.0,0.0,-0.0016711671167116712,-3.0,-0.2645667017475115,False
-2,74800,ASH_COATED_OSMIUM,9991.0,14.0,,,,,10007.0,14.0,10009.0,25.0,,,9999.0,0.0,0.0017011701170117012,-2.0,0.2765711678080131,False
-2,74900,ASH_COATED_OSMIUM,9989.0,24.0,,,,,10007.0,13.0,10010.0,24.0,,,9998.0,0.0,0.003909390939093909,-3.0,0.648371187631049,False
-2,75000,ASH_COATED_OSMIUM,9991.0,12.0,9989.0,30.0,,,10010.0,30.0,,,,,10000.5,0.0,0.0076387638763876385,-0.5,1.2814202946780195,False
-2,75100,ASH_COATED_OSMIUM,9991.0,12.0,9989.0,25.0,,,10010.0,25.0,,,,,10000.5,0.0,0.011374137413741374,0.5,1.9384380773338927,False
-2,75200,ASH_COATED_OSMIUM,9989.0,20.0,,,,,10010.0,20.0,,,,,9999.5,0.0,0.013915391539153915,-0.5,2.4036901519731457,False
-2,75300,ASH_COATED_OSMIUM,9991.0,10.0,9989.0,27.0,,,10001.0,3.0,10007.0,10.0,10010.0,27.0,9996.0,0.0,0.014383438343834383,-6.5,2.503935590741763,False
-2,75500,ASH_COATED_OSMIUM,9992.0,12.0,9989.0,29.0,,,10008.0,12.0,10010.0,29.0,,,10000.0,0.0,0.01879087908790879,1.0,3.474037951068413,False
-2,75600,ASH_COATED_OSMIUM,9992.0,11.0,9989.0,20.0,,,10001.0,2.0,10010.0,20.0,,,9996.5,0.0,0.01902790279027903,-1.0,3.530698170344579,False
-2,75700,ASH_COATED_OSMIUM,9991.0,15.0,,,,,10007.0,15.0,10010.0,21.0,,,9999.0,0.0,0.01987098709870987,1.0,3.6920045902200793,False
-2,75800,ASH_COATED_OSMIUM,9991.0,15.0,9989.0,21.0,,,10007.0,15.0,10010.0,21.0,,,9999.0,0.0,0.020999099909991,1.0,3.9178868062009733,False
-2,75900,ASH_COATED_OSMIUM,9991.0,14.0,9989.0,30.0,,,10007.0,14.0,10010.0,30.0,,,9999.0,0.0,0.022115211521152114,1.0,4.145160205357445,False
-2,76100,ASH_COATED_OSMIUM,9992.0,10.0,9989.0,26.0,,,10008.0,10.0,10010.0,26.0,,,10000.0,0.0,0.023813381338133814,0.0,4.471532873024253,False
-2,76200,ASH_COATED_OSMIUM,9992.0,14.0,9990.0,26.0,,,10008.0,14.0,10011.0,26.0,,,10000.0,0.0,0.0266996699669967,2.0,5.150404788512025,False
-2,76300,ASH_COATED_OSMIUM,9990.0,27.0,,,,,10009.0,13.0,10011.0,27.0,,,9999.5,0.0,0.028076807680768076,1.5,5.451485744956202,False
-2,76400,ASH_COATED_OSMIUM,9992.0,11.0,9990.0,26.0,,,10008.0,11.0,10011.0,26.0,,,10000.0,0.0,0.029732973297329733,2.0,5.806086343262194,False
-2,76500,ASH_COATED_OSMIUM,9990.0,30.0,,,,,10009.0,13.0,10011.0,30.0,,,9999.5,0.0,0.03106810681068107,0.0,6.115932353350946,False
-2,76600,ASH_COATED_OSMIUM,10003.0,8.0,9993.0,12.0,9991.0,29.0,10009.0,12.0,10012.0,29.0,,,10006.0,0.0,0.037155715571557155,8.5,6.824463073083163,False
-2,76700,ASH_COATED_OSMIUM,9993.0,14.0,9990.0,20.0,,,10009.0,14.0,10011.0,20.0,,,10001.0,0.0,0.03898289828982898,3.0,7.173928352963632,False
-2,76900,ASH_COATED_OSMIUM,9991.0,30.0,,,,,10009.0,13.0,10012.0,30.0,,,10000.0,0.0,0.04047704770477048,2.0,7.52595699687215,False
-2,77000,ASH_COATED_OSMIUM,9994.0,11.0,9991.0,25.0,,,10010.0,11.0,10012.0,25.0,,,10002.0,0.0,0.04313531353135314,4.0,8.033830801315043,False
-2,77200,ASH_COATED_OSMIUM,9993.0,15.0,9991.0,26.0,,,10009.0,15.0,10012.0,26.0,,,10001.0,0.0,0.04515151515151515,3.0,8.495529449669535,False
-2,77400,ASH_COATED_OSMIUM,9991.0,27.0,,,,,10009.0,11.0,10012.0,27.0,,,10000.0,0.0,0.04653765376537654,2.0,8.871908774282659,False
-2,77500,ASH_COATED_OSMIUM,10003.0,9.0,9994.0,10.0,9991.0,20.0,10010.0,10.0,,,,,10006.5,0.0,0.05176117611761176,12.0,9.246443985895839,False
-2,77600,ASH_COATED_OSMIUM,9991.0,25.0,,,,,10009.0,13.0,10012.0,25.0,,,10000.0,0.0,0.0509000900090009,2.0,9.10199185738549,False
-2,77700,ASH_COATED_OSMIUM,10003.0,6.0,9994.0,11.0,9991.0,24.0,10012.0,24.0,,,,,10007.5,0.0,0.05654965496549655,12.0,9.420818559591963,False
-2,77800,ASH_COATED_OSMIUM,10003.0,9.0,9994.0,10.0,9991.0,24.0,10010.0,10.0,10012.0,24.0,,,10006.5,0.0,0.059975997599759974,9.5,9.524888688256853,False
-2,77900,ASH_COATED_OSMIUM,9994.0,15.0,9991.0,30.0,,,10010.0,15.0,10012.0,30.0,,,10002.0,0.0,0.061506150615061504,5.0,9.809475242320028,False
-2,78000,ASH_COATED_OSMIUM,9994.0,13.0,9992.0,27.0,,,10013.0,27.0,,,,,10003.5,0.0,0.06386738673867387,6.5,10.171653160451163,False
-2,78100,ASH_COATED_OSMIUM,9995.0,13.0,9993.0,30.0,,,10011.0,13.0,10014.0,30.0,,,10003.0,0.0,0.06585358535853586,6.0,10.514283448931165,False
-2,78200,ASH_COATED_OSMIUM,9994.0,15.0,9992.0,20.0,,,10010.0,15.0,10013.0,20.0,,,10002.0,0.0,0.06717371737173718,6.0,10.786398329211906,False
-2,78300,ASH_COATED_OSMIUM,9994.0,10.0,,,,,10010.0,10.0,10012.0,22.0,,,10002.0,0.0,0.06782778277827783,5.5,10.905510441174803,False
-2,78400,ASH_COATED_OSMIUM,9994.0,15.0,9992.0,26.0,,,10010.0,15.0,10013.0,26.0,,,10002.0,0.0,0.06871287128712872,9.0,11.08220605564661,False
-2,78500,ASH_COATED_OSMIUM,9994.0,15.0,9992.0,30.0,,,10000.0,6.0,,,,,9997.0,0.0,0.06444044404440444,0.0,10.09338586969662,False
-2,78600,ASH_COATED_OSMIUM,9992.0,30.0,,,,,10010.0,10.0,,,,,10001.0,0.0,0.06492049204920491,4.0,10.198871052033292,False
-2,78700,ASH_COATED_OSMIUM,9994.0,11.0,,,,,10010.0,11.0,10013.0,27.0,,,10002.0,0.0,0.06594659465946595,5.0,10.401635873078588,False
-2,78900,ASH_COATED_OSMIUM,9994.0,11.0,9992.0,30.0,,,10010.0,11.0,10013.0,30.0,,,10002.0,0.0,0.06691269126912691,5.0,10.596801728472977,False
-2,79000,ASH_COATED_OSMIUM,9994.0,15.0,9991.0,21.0,,,10010.0,15.0,,,,,10002.0,0.0,0.06781878187818782,5.0,10.783810283856434,False
-2,79100,ASH_COATED_OSMIUM,9994.0,15.0,9991.0,27.0,,,10010.0,15.0,10012.0,27.0,,,10002.0,0.0,0.06866486648664867,6.0,10.962083718301104,False
-2,79200,ASH_COATED_OSMIUM,9994.0,10.0,9991.0,29.0,,,10010.0,10.0,,,,,10002.0,0.0,0.06884488448844885,6.0,10.995330596770838,False
-2,79400,ASH_COATED_OSMIUM,9992.0,15.0,9990.0,20.0,,,10008.0,15.0,10011.0,20.0,,,10000.0,0.0,0.06776477647764777,3.0,10.737717001091,False
-2,79500,ASH_COATED_OSMIUM,9992.0,10.0,,,,,10008.0,10.0,,,,,10000.0,0.0,0.06724272427242724,2.5,10.601945639773676,False
-2,79600,ASH_COATED_OSMIUM,9992.0,11.0,,,,,10008.0,11.0,,,,,10000.0,0.0,0.066987698769877,3.0,10.533078838689791,False
-2,79700,ASH_COATED_OSMIUM,9992.0,13.0,9990.0,30.0,,,10008.0,13.0,,,,,10000.0,0.0,0.06639963996399639,4.0,10.384235846749212,False
-2,79800,ASH_COATED_OSMIUM,9990.0,20.0,,,,,10011.0,20.0,,,,,10000.5,0.0,0.06546654665466546,5.0,10.188762502266329,False
-2,79900,ASH_COATED_OSMIUM,10001.0,8.0,9992.0,10.0,,,10008.0,10.0,,,,,10004.5,0.0,0.06655265526552655,8.5,10.291729856699469,False
-2,80000,ASH_COATED_OSMIUM,9992.0,11.0,9989.0,30.0,,,10008.0,11.0,10010.0,30.0,,,10000.0,0.0,0.06516051605160517,4.0,9.989090453085565,False
-2,80100,ASH_COATED_OSMIUM,9992.0,12.0,9989.0,30.0,,,10008.0,12.0,,,,,10000.0,0.0,0.06372037203720372,3.5,9.68689599603498,False
-2,80200,ASH_COATED_OSMIUM,9992.0,11.0,9989.0,25.0,,,10008.0,11.0,10010.0,25.0,,,10000.0,0.0,0.06253525352535254,5.5,9.432868253523319,False
-2,80300,ASH_COATED_OSMIUM,9991.0,10.0,9989.0,29.0,,,10007.0,10.0,10010.0,29.0,,,9999.0,0.0,0.059501950195019505,4.0,8.87575242491513,False
-2,80400,ASH_COATED_OSMIUM,9991.0,14.0,9989.0,23.0,,,10007.0,14.0,,,,,9999.0,0.0,0.056717671767176715,4.0,8.365201826048002,False
-2,80500,ASH_COATED_OSMIUM,9992.0,12.0,,,,,10008.0,12.0,,,,,10000.0,0.0,0.05447944794479448,6.0,8.01283333852663,False
-2,80600,ASH_COATED_OSMIUM,9992.0,14.0,9989.0,26.0,,,10008.0,14.0,10010.0,26.0,,,10000.0,0.0,0.05157515751575158,5.0,7.619808629468987,False
-2,80700,ASH_COATED_OSMIUM,9992.0,10.0,9989.0,27.0,,,10008.0,10.0,10010.0,27.0,,,10000.0,0.0,0.049204920492049206,4.0,7.268129014417266,False
-2,80800,ASH_COATED_OSMIUM,9991.0,10.0,,,,,10010.0,25.0,,,,,10000.5,0.0,0.04767776777677768,4.5,7.034325248569588,False
-2,80900,ASH_COATED_OSMIUM,9991.0,11.0,9989.0,28.0,,,10007.0,11.0,10010.0,28.0,,,9999.0,0.0,0.045205520552055206,1.5,6.610158646683267,False
-2,81000,ASH_COATED_OSMIUM,9991.0,15.0,9989.0,30.0,,,10010.0,30.0,,,,,10000.5,0.0,0.0444974497449745,3.5,6.491743942483515,False
-2,81100,ASH_COATED_OSMIUM,9989.0,28.0,,,,,10008.0,12.0,,,,,9998.5,0.0,0.04226222622262226,0.5,6.082418071401921,False
-2,81200,ASH_COATED_OSMIUM,9991.0,11.0,,,,,10007.0,11.0,10010.0,26.0,,,9999.0,0.0,0.04091209120912091,2.0,5.835738007727404,False
-2,81300,ASH_COATED_OSMIUM,9991.0,14.0,9989.0,20.0,,,10007.0,14.0,10010.0,20.0,,,9999.0,0.0,0.038943894389438946,3.0,5.510302439358117,False
-2,81400,ASH_COATED_OSMIUM,9992.0,11.0,9989.0,21.0,,,10008.0,11.0,10010.0,21.0,,,10000.0,0.0,0.03693969396939694,3.0,5.231131553311485,False
-2,81500,ASH_COATED_OSMIUM,9991.0,10.0,9989.0,28.0,,,10010.0,28.0,,,,,10000.5,0.0,0.03579057905790579,3.5,5.066776010242029,False
-2,81600,ASH_COATED_OSMIUM,9991.0,12.0,9989.0,20.0,,,10007.0,12.0,10010.0,20.0,,,9999.0,0.0,0.03370837083708371,2.0,4.742311815252821,False
-2,81700,ASH_COATED_OSMIUM,9992.0,12.0,,,,,10008.0,12.0,10010.0,25.0,,,10000.0,0.0,0.032196219621962195,3.0,4.52549406082022,False
-2,81900,ASH_COATED_OSMIUM,9991.0,13.0,9989.0,25.0,,,10010.0,25.0,,,,,10000.5,0.0,0.030945094509450946,3.5,4.353403422381673,False
-2,82000,ASH_COATED_OSMIUM,9991.0,13.0,9988.0,30.0,,,10007.0,13.0,10009.0,30.0,,,9999.0,0.0,0.02876087608760876,2.0,4.028652681846728,False
-2,82100,ASH_COATED_OSMIUM,9988.0,21.0,,,,,10007.0,15.0,10009.0,21.0,,,9997.5,0.0,0.02566156615661566,-1.0,3.5459796543335838,False
-2,82200,ASH_COATED_OSMIUM,9991.0,11.0,9988.0,28.0,,,10007.0,11.0,10009.0,28.0,,,9999.0,0.0,0.024356435643564357,0.0,3.348638215165699,False
-2,82300,ASH_COATED_OSMIUM,9990.0,10.0,9988.0,26.0,,,10009.0,26.0,,,,,9999.5,0.0,0.023645364536453644,3.0,3.242438060198059,False
-2,82500,ASH_COATED_OSMIUM,9990.0,10.0,9988.0,24.0,,,10006.0,10.0,10009.0,24.0,,,9998.0,0.0,0.020522052205220524,0.0,2.802273791646572,False
-2,82600,ASH_COATED_OSMIUM,9988.0,21.0,,,,,10007.0,14.0,10009.0,21.0,,,9997.5,0.0,0.017992799279927994,-3.5,2.428718456529543,False
-2,82700,ASH_COATED_OSMIUM,9988.0,30.0,,,,,10007.0,12.0,,,,,9997.5,0.0,0.01728772877287729,-0.5,2.317608179033451,False
-2,82800,ASH_COATED_OSMIUM,9991.0,10.0,,,,,10009.0,21.0,,,,,10000.0,0.0,0.01629162916291629,3.0,2.185352156893069,False
-2,83000,ASH_COATED_OSMIUM,9991.0,15.0,,,,,10007.0,15.0,10009.0,30.0,,,9999.0,0.0,0.014071407140714072,1.0,1.8912510511359801,False
-2,83100,ASH_COATED_OSMIUM,9991.0,15.0,9988.0,20.0,,,10009.0,20.0,,,,,10000.0,0.0,0.013027302730273027,2.0,1.7530972274452539,False
-2,83300,ASH_COATED_OSMIUM,9991.0,10.0,9988.0,22.0,,,10007.0,10.0,,,,,9999.0,0.0,0.011365136513651366,0.0,1.5283871914442857,False
-2,83400,ASH_COATED_OSMIUM,9991.0,13.0,9988.0,28.0,,,10009.0,28.0,,,,,10000.0,0.0,0.01089108910891089,2.0,1.4644926237509615,False
-2,83500,ASH_COATED_OSMIUM,9991.0,13.0,9988.0,27.0,,,10009.0,27.0,,,,,10000.0,0.0,0.009798979897989798,3.0,1.3202108415158955,False
-2,83600,ASH_COATED_OSMIUM,9991.0,10.0,9989.0,23.0,,,10007.0,10.0,10010.0,23.0,,,9999.0,0.0,0.007482748274827483,-0.5,1.0130955478830677,False
