day,timestamp,product,bid_price_1,bid_volume_1,bid_price_2,bid_volume_2,bid_price_3,bid_volume_3,ask_price_1,ask_volume_1,ask_price_2,ask_volume_2,ask_price_3,ask_volume_3,mid_price,profit_and_loss,rolling_slope_80,window_return_80,slope_tstat_80,uptrend_signal
-2,100,ASH_COATED_OSMIUM,9992.0,15.0,,,,,10008.0,15.0,10011.0,20.0,,,10000.0,0.0,,,,False
-2,200,ASH_COATED_OSMIUM,9992.0,15.0,9989.0,30.0,,,10008.0,15.0,10010.0,30.0,,,10000.0,0.0,,,,False
-2,300,ASH_COATED_OSMIUM,9992.0,13.0,9989.0,26.0,,,10008.0,13.0,10010.0,26.0,,,10000.0,0.0,,,,False
-2,400,ASH_COATED_OSMIUM,9992.0,15.0,,,,,10008.0,15.0,10010.0,20.0,,,10000.0,0.0,,,,False
-2,500,ASH_COATED_OSMIUM,9992.0,13.0,9989.0,30.0,,,10008.0,13.0,10010.0,30.0,,,10000.0,0.0,,,,False
-2,600,ASH_COATED_OSMIUM,9989.0,30.0,,,,,10010.0,30.0,,,,,9999.5,0.0,,,,False
-2,700,ASH_COATED_OSMIUM,9990.0,27.0,,,,,10011.0,27.0,,,,,10000.5,0.0,,,,False
-2,800,ASH_COATED_OSMIUM,9993.0,15.0,,,,,10011.0,21.0,,,,,10002.0,0.0,,,,False
-2,900,ASH_COATED_OSMIUM,9993.0,13.0,9990.0,30.0,,,9998.0,8.0,10009.0,13.0,10011.0,30.0,9995.5,0.0,,,,False
-2,1000,ASH_COATED_OSMIUM,9990.0,22.0,,,,,10009.0,15.0,10011.0,22.0,,,9999.5,0.0,,,,False
-2,1100,ASH_COATED_OSMIUM,9993.0,10.0,,,,,10009.0,10.0,10011.0,25.0,,,10001.0,0.0,,,,False
-2,1300,ASH_COATED_OSMIUM,9993.0,10.0,9991.0,23.0,,,10012.0,23.0,,,,,10002.5,0.0,,,,False
-2,1400,ASH_COATED_OSMIUM,9993.0,13.0,9991.0,26.0,,,10009.0,13.0,10012.0,26.0,,,10001.0,0.0,,,,False
-2,1500,ASH_COATED_OSMIUM,9994.0,12.0,9991.0,25.0,,,10010.0,12.0,10012.0,25.0,,,10002.0,0.0,,,,False
-2,1700,ASH_COATED_OSMIUM,9999.0,3.0,9994.0,12.0,9991.0,28.0,10010.0,12.0,10012.0,28.0,,,10004.5,0.0,,,,False
-2,1800,ASH_COATED_OSMIUM,9994.0,14.0,9991.0,24.0,,,10010.0,14.0,10012.0,24.0,,,10002.0,0.0,,,,False
-2,1900,ASH_COATED_OSMIUM,9994.0,11.0,9991.0,25.0,,,10010.0,11.0,10012.0,25.0,,,10002.0,0.0,,,,False
-2,2000,ASH_COATED_OSMIUM,9991.0,30.0,,,,,10010.0,10.0,10012.0,30.0,,,10000.5,0.0,,,,False
-2,2100,ASH_COATED_OSMIUM,9994.0,13.0,9992.0,20.0,,,10010.0,13.0,,,,,10002.0,0.0,,,,False
-2,2200,ASH_COATED_OSMIUM,9994.0,14.0,,,,,10010.0,14.0,10013.0,25.0,,,10002.0,0.0,,,,False
-2,2300,ASH_COATED_OSMIUM,10000.0,5.0,9995.0,11.0,9992.0,28.0,10011.0,11.0,10013.0,28.0,,,10005.5,0.0,,,,False
-2,2400,ASH_COATED_OSMIUM,9992.0,30.0,,,,,10011.0,13.0,10013.0,30.0,,,10001.5,0.0,,,,False
-2,2500,ASH_COATED_OSMIUM,9992.0,21.0,,,,,10011.0,14.0,,,,,10001.5,0.0,,,,False
-2,2600,ASH_COATED_OSMIUM,9995.0,15.0,9992.0,21.0,,,10011.0,15.0,,,,,10003.0,0.0,,,,False
-2,2700,ASH_COATED_OSMIUM,9995.0,15.0,9992.0,26.0,,,10013.0,26.0,,,,,10004.0,0.0,,,,False
-2,2800,ASH_COATED_OSMIUM,9995.0,13.0,,,,,10011.0,13.0,10013.0,28.0,,,10003.0,0.0,,,,False
-2,2900,ASH_COATED_OSMIUM,9995.0,15.0,9993.0,30.0,,,10011.0,15.0,10014.0,30.0,,,10003.0,0.0,,,,False
-2,3000,ASH_COATED_OSMIUM,9993.0,26.0,,,,,10011.0,12.0,10014.0,26.0,,,10002.0,0.0,,,,False
-2,3100,ASH_COATED_OSMIUM,9996.0,12.0,,,,,10012.0,12.0,10014.0,23.0,,,10004.0,0.0,,,,False
-2,3200,ASH_COATED_OSMIUM,9996.0,11.0,9993.0,26.0,,,10014.0,26.0,,,,,10005.0,0.0,,,,False
-2,3300,ASH_COATED_OSMIUM,9996.0,15.0,9993.0,20.0,,,10012.0,15.0,10014.0,20.0,,,10004.0,0.0,,,,False
-2,3400,ASH_COATED_OSMIUM,9996.0,10.0,9993.0,22.0,,,10012.0,10.0,,,,,10004.0,0.0,,,,False
-2,3500,ASH_COATED_OSMIUM,9993.0,29.0,,,,,10012.0,10.0,10014.0,29.0,,,10002.5,0.0,,,,False
-2,3600,ASH_COATED_OSMIUM,9996.0,10.0,9993.0,26.0,,,10012.0,10.0,,,,,10004.0,0.0,,,,False
-2,3700,ASH_COATED_OSMIUM,9993.0,25.0,,,,,10011.0,11.0,,,,,10002.0,0.0,,,,False
-2,3800,ASH_COATED_OSMIUM,9995.0,11.0,9993.0,27.0,,,10011.0,11.0,10014.0,27.0,,,10003.0,0.0,,,,False
-2,3900,ASH_COATED_OSMIUM,9995.0,14.0,9993.0,25.0,,,10011.0,14.0,10014.0,25.0,,,10003.0,0.0,,,,False
-2,4000,ASH_COATED_OSMIUM,9996.0,10.0,9994.0,27.0,,,10012.0,10.0,10015.0,27.0,,,10004.0,0.0,,,,False
-2,4100,ASH_COATED_OSMIUM,9994.0,28.0,,,,,10013.0,12.0,,,,,10003.5,0.0,,,,False
-2,4200,ASH_COATED_OSMIUM,9994.0,23.0,,,,,10015.0,23.0,,,,,10004.5,0.0,,,,False
-2,4300,ASH_COATED_OSMIUM,9997.0,13.0,9994.0,26.0,,,10015.0,26.0,,,,,10006.0,0.0,,,,False
-2,4400,ASH_COATED_OSMIUM,9997.0,11.0,9994.0,28.0,,,10015.0,28.0,,,,,10006.0,0.0,,,,False
-2,4500,ASH_COATED_OSMIUM,9997.0,12.0,9994.0,29.0,,,10013.0,12.0,10015.0,29.0,,,10005.0,0.0,,,,False
-2,4600,ASH_COATED_OSMIUM,9997.0,11.0,9995.0,29.0,,,10016.0,29.0,,,,,10006.5,0.0,,,,False
-2,4800,ASH_COATED_OSMIUM,9995.0,24.0,,,,,10007.0,3.0,10013.0,14.0,10016.0,24.0,10001.0,0.0,,,,False
-2,4900,ASH_COATED_OSMIUM,9997.0,15.0,9995.0,22.0,,,10013.0,15.0,10016.0,22.0,,,10005.0,0.0,,,,False
-2,5000,ASH_COATED_OSMIUM,9997.0,15.0,9994.0,20.0,,,10013.0,15.0,10015.0,20.0,,,10005.0,0.0,,,,False
-2,5100,ASH_COATED_OSMIUM,9997.0,11.0,9994.0,29.0,,,10013.0,11.0,10015.0,29.0,,,10005.0,0.0,,,,False
-2,5200,ASH_COATED_OSMIUM,9994.0,25.0,,,,,10013.0,12.0,10015.0,25.0,,,10003.5,0.0,,,,False
-2,5300,ASH_COATED_OSMIUM,10002.0,4.0,9994.0,22.0,,,10012.0,15.0,10015.0,22.0,,,10007.0,0.0,,,,False
-2,5400,ASH_COATED_OSMIUM,9994.0,29.0,,,,,10013.0,15.0,,,,,10003.5,0.0,,,,False
-2,5500,ASH_COATED_OSMIUM,9996.0,13.0,9994.0,28.0,,,10012.0,13.0,10015.0,28.0,,,10004.0,0.0,,,,False
-2,5700,ASH_COATED_OSMIUM,9996.0,12.0,9993.0,29.0,,,10012.0,12.0,,,,,10004.0,0.0,,,,False
-2,5800,ASH_COATED_OSMIUM,10001.0,5.0,9996.0,15.0,9993.0,26.0,10012.0,15.0,10014.0,26.0,,,10006.5,0.0,,,,False
-2,5900,ASH_COATED_OSMIUM,9996.0,13.0,9994.0,28.0,,,10015.0,28.0,,,,,10005.5,0.0,,,,False
-2,6000,ASH_COATED_OSMIUM,9996.0,10.0,9994.0,21.0,,,10006.0,2.0,10012.0,10.0,10015.0,21.0,10001.0,0.0,,,,False
-2,6100,ASH_COATED_OSMIUM,9997.0,11.0,9994.0,26.0,,,10013.0,11.0,10015.0,26.0,,,10005.0,0.0,,,,False
-2,6200,ASH_COATED_OSMIUM,9997.0,12.0,9994.0,23.0,,,10013.0,12.0,10015.0,23.0,,,10005.0,0.0,,,,False
-2,6300,ASH_COATED_OSMIUM,9996.0,13.0,9993.0,26.0,,,10012.0,13.0,10014.0,26.0,,,10004.0,0.0,,,,False
-2,6400,ASH_COATED_OSMIUM,9996.0,13.0,9993.0,26.0,,,10012.0,13.0,10014.0,26.0,,,10004.0,0.0,,,,False
-2,6600,ASH_COATED_OSMIUM,9996.0,13.0,9993.0,23.0,,,10012.0,13.0,10014.0,23.0,,,10004.0,0.0,,,,False
-2,6700,ASH_COATED_OSMIUM,9996.0,14.0,9993.0,27.0,,,10012.0,14.0,10014.0,27.0,,,10004.0,0.0,,,,False
-2,6800,ASH_COATED_OSMIUM,9996.0,14.0,9993.0,23.0,,,10012.0,14.0,10014.0,23.0,,,10004.0,0.0,,,,False
-2,6900,ASH_COATED_OSMIUM,9995.0,13.0,9993.0,28.0,,,10014.0,28.0,,,,,10004.5,0.0,,,,False
-2,7000,ASH_COATED_OSMIUM,9995.0,14.0,9993.0,24.0,,,10011.0,14.0,,,,,10003.0,0.0,,,,False
-2,7100,ASH_COATED_OSMIUM,9995.0,11.0,9993.0,26.0,,,10011.0,11.0,,,,,10003.0,0.0,,,,False
-2,7200,ASH_COATED_OSMIUM,9993.0,26.0,,,,,10012.0,14.0,10014.0,26.0,,,10002.5,0.0,,,,False
-2,7300,ASH_COATED_OSMIUM,9996.0,11.0,9993.0,27.0,,,10012.0,11.0,10014.0,27.0,,,10004.0,0.0,,,,False
-2,7400,ASH_COATED_OSMIUM,9996.0,11.0,9994.0,28.0,,,10012.0,11.0,10015.0,28.0,,,10004.0,0.0,,,,False
-2,7500,ASH_COATED_OSMIUM,9997.0,10.0,,,,,10013.0,10.0,,,,,10005.0,0.0,,,,False
-2,7600,ASH_COATED_OSMIUM,9997.0,13.0,9994.0,28.0,,,10015.0,28.0,,,,,10006.0,0.0,,,,False
-2,7700,ASH_COATED_OSMIUM,9994.0,25.0,,,,,10013.0,13.0,10015.0,25.0,,,10003.5,0.0,,,,False
-2,7800,ASH_COATED_OSMIUM,10002.0,4.0,9996.0,14.0,9994.0,21.0,10015.0,21.0,,,,,10008.5,0.0,,,,False
-2,7900,ASH_COATED_OSMIUM,9996.0,13.0,,,,,10012.0,13.0,,,,,10004.0,0.0,,,,False
-2,8000,ASH_COATED_OSMIUM,10006.0,6.0,9994.0,23.0,,,10013.0,15.0,10015.0,23.0,,,10009.5,0.0,,,,False
-2,8100,ASH_COATED_OSMIUM,9997.0,15.0,9994.0,20.0,,,10013.0,15.0,,,,,10005.0,0.0,,,,False
-2,8200,ASH_COATED_OSMIUM,9994.0,30.0,,,,,10015.0,30.0,,,,,10004.5,0.0,,,,False
-2,8300,ASH_COATED_OSMIUM,9997.0,14.0,9994.0,27.0,,,10015.0,27.0,,,,,10006.0,0.0,,,,False
-2,8400,ASH_COATED_OSMIUM,9997.0,10.0,9994.0,25.0,,,10013.0,10.0,10015.0,25.0,,,10005.0,0.0,,,,False
-2,8500,ASH_COATED_OSMIUM,9997.0,12.0,9995.0,23.0,,,10013.0,12.0,10016.0,23.0,,,10005.0,0.0,0.06513127051101734,5.0,8.27736881113078,True
-2,8600,ASH_COATED_OSMIUM,9995.0,27.0,,,,,10013.0,13.0,10016.0,27.0,,,10004.0,0.0,0.06248241912798875,4.0,7.881273077041997,True
-2,8700,ASH_COATED_OSMIUM,9997.0,10.0,9995.0,22.0,,,10013.0,10.0,10016.0,22.0,,,10005.0,0.0,0.0606657290201594,5.0,7.654750234797821,True
-2,8800,ASH_COATED_OSMIUM,9997.0,13.0,9995.0,20.0,,,10013.0,13.0,,,,,10005.0,0.0,0.05873183309892171,5.0,7.418940994224132,True
-2,8900,ASH_COATED_OSMIUM,10003.0,2.0,9997.0,12.0,,,10013.0,12.0,10016.0,26.0,,,10008.0,0.0,0.059458509142053445,8.0,7.4654753748033915,True
-2,9000,ASH_COATED_OSMIUM,9998.0,10.0,9995.0,29.0,,,10014.0,10.0,10016.0,29.0,,,10006.0,0.0,0.05814580403187998,6.5,7.332233433198156,True
-2,9100,ASH_COATED_OSMIUM,9996.0,24.0,,,,,10017.0,24.0,,,,,10006.5,0.0,0.05668073136427567,6.0,7.212594143156732,False
-2,9200,ASH_COATED_OSMIUM,9998.0,10.0,9996.0,28.0,,,10014.0,10.0,,,,,10006.0,0.0,0.0555379746835443,4.0,7.088467462987697,False
-2,9300,ASH_COATED_OSMIUM,9998.0,11.0,9995.0,26.0,,,10014.0,11.0,10016.0,26.0,,,10006.0,0.0,0.05569034224097515,10.5,7.1091847431794895,False
-2,9400,ASH_COATED_OSMIUM,9996.0,25.0,,,,,10015.0,11.0,10017.0,25.0,,,10005.5,0.0,0.04911509610876699,6.0,7.007488090611278,False
-2,9500,ASH_COATED_OSMIUM,9999.0,12.0,9996.0,23.0,,,10015.0,12.0,10017.0,23.0,,,10007.0,0.0,0.047491795593061416,6.0,6.910233189278709,False
-2,9600,ASH_COATED_OSMIUM,9999.0,10.0,9997.0,29.0,,,10015.0,10.0,10018.0,29.0,,,10007.0,0.0,0.047116736990154715,4.5,6.875072145937793,False
-2,9700,ASH_COATED_OSMIUM,10000.0,13.0,9997.0,28.0,,,10016.0,13.0,10018.0,28.0,,,10008.0,0.0,0.04895100796999531,7.0,7.069766675565967,False
-2,9800,ASH_COATED_OSMIUM,10000.0,15.0,9997.0,23.0,,,10016.0,15.0,10018.0,23.0,,,10008.0,0.0,0.04923230192217534,6.0,7.089937880879992,False
-2,9900,ASH_COATED_OSMIUM,10000.0,14.0,9998.0,25.0,,,10016.0,14.0,10019.0,25.0,,,10008.0,0.0,0.05029887482419128,3.5,7.192249626883296,False
-2,10000,ASH_COATED_OSMIUM,9997.0,30.0,,,,,10016.0,11.0,10018.0,30.0,,,10006.5,0.0,0.05220932958274731,4.5,7.56555898763724,False
-2,10100,ASH_COATED_OSMIUM,10000.0,10.0,,,,,10016.0,10.0,10019.0,25.0,,,10008.0,0.0,0.05308837318330989,6.0,7.6525690445633,False
-2,10200,ASH_COATED_OSMIUM,10000.0,13.0,9998.0,29.0,,,10016.0,13.0,10019.0,29.0,,,10008.0,0.0,0.05382676980778247,7.5,7.726336296479877,False
-2,10300,ASH_COATED_OSMIUM,10001.0,13.0,9998.0,23.0,,,10017.0,13.0,10019.0,23.0,,,10009.0,0.0,0.05392639474917956,7.0,7.72998984037596,False
-2,10400,ASH_COATED_OSMIUM,10007.0,5.0,10001.0,10.0,,,10017.0,10.0,10020.0,22.0,,,10012.0,0.0,0.05802859821847164,10.0,7.759368555998668,True
-2,10500,ASH_COATED_OSMIUM,10002.0,10.0,9999.0,20.0,,,10018.0,10.0,10020.0,20.0,,,10010.0,0.0,0.06004453820909517,4.5,7.881129648256562,True
-2,10600,ASH_COATED_OSMIUM,10001.0,13.0,9999.0,29.0,,,10020.0,29.0,,,,,10010.5,0.0,0.0656586966713549,9.0,8.621774448520629,True
-2,10700,ASH_COATED_OSMIUM,9998.0,29.0,,,,,10016.0,14.0,10019.0,29.0,,,10007.0,0.0,0.06411744022503515,5.5,8.430489232083717,True
-2,10800,ASH_COATED_OSMIUM,10000.0,11.0,9998.0,22.0,,,10016.0,11.0,10019.0,22.0,,,10008.0,0.0,0.06337318330989217,5.0,8.35679648496516,True
-2,10900,ASH_COATED_OSMIUM,10001.0,15.0,9998.0,21.0,,,10019.0,21.0,,,,,10010.0,0.0,0.06575246132208158,6.0,8.566941719872368,True
-2,11000,ASH_COATED_OSMIUM,10001.0,13.0,9998.0,27.0,,,10017.0,13.0,10019.0,27.0,,,10009.0,0.0,0.06799109235818096,6.0,8.877543863548144,True
-2,11100,ASH_COATED_OSMIUM,10001.0,11.0,,,,,10017.0,11.0,10019.0,29.0,,,10009.0,0.0,0.06916315049226442,6.0,9.015756429506261,True
-2,11200,ASH_COATED_OSMIUM,10001.0,10.0,9998.0,20.0,,,10017.0,10.0,10019.0,20.0,,,10009.0,0.0,0.07019456165025785,7.0,9.139285255977004,True
-2,11300,ASH_COATED_OSMIUM,10000.0,12.0,9998.0,21.0,,,10016.0,12.0,10019.0,21.0,,,10008.0,0.0,0.06921003281762775,4.0,9.021332149480175,True
-2,11400,ASH_COATED_OSMIUM,10000.0,12.0,9998.0,30.0,,,10016.0,12.0,10019.0,30.0,,,10008.0,0.0,0.06998359118612284,3.0,9.152435402578487,True
-2,11500,ASH_COATED_OSMIUM,10001.0,13.0,9998.0,24.0,,,10019.0,24.0,,,,,10010.0,0.0,0.07346460384435068,6.0,9.676048990616133,True
-2,11600,ASH_COATED_OSMIUM,10006.0,5.0,,,,,10017.0,12.0,10019.0,30.0,,,10011.5,0.0,0.07726793248945148,7.5,10.02232840366321,True
-2,11800,ASH_COATED_OSMIUM,10000.0,10.0,9998.0,29.0,,,10016.0,10.0,10019.0,29.0,,,10008.0,0.0,0.07765471167369901,5.5,10.095652939499658,True
-2,11900,ASH_COATED_OSMIUM,10000.0,14.0,9998.0,22.0,,,10016.0,14.0,10019.0,22.0,,,10008.0,0.0,0.07652367557430849,4.0,9.928339494803303,True
-2,12000,ASH_COATED_OSMIUM,9997.0,28.0,,,,,10016.0,13.0,10018.0,28.0,,,10006.5,0.0,0.07529887482419129,4.5,9.656106613446127,True
-2,12100,ASH_COATED_OSMIUM,9998.0,21.0,,,,,10019.0,21.0,,,,,10008.5,0.0,0.07396858884200656,5.5,9.503165365493578,True
-2,12200,ASH_COATED_OSMIUM,10000.0,13.0,,,,,10016.0,13.0,10019.0,23.0,,,10008.0,0.0,0.07297233942803563,5.0,9.353563458755875,True
-2,12300,ASH_COATED_OSMIUM,10000.0,11.0,,,,,10016.0,11.0,,,,,10008.0,0.0,0.07185888420065635,4.0,9.189494929004036,True
-2,12400,ASH_COATED_OSMIUM,10006.0,2.0,10000.0,15.0,9998.0,25.0,10016.0,15.0,10019.0,25.0,,,10011.0,0.0,0.0743553680262541,7.5,9.437915669476093,True
-2,12500,ASH_COATED_OSMIUM,10000.0,13.0,9998.0,28.0,,,10019.0,28.0,,,,,10009.5,0.0,0.07482419127988749,5.0,9.497046075845187,True
-2,12600,ASH_COATED_OSMIUM,10000.0,15.0,,,,,10019.0,26.0,,,,,10009.5,0.0,0.07610173464603845,3.5,9.692406933180838,True
-2,12700,ASH_COATED_OSMIUM,10000.0,13.0,9998.0,22.0,,,10016.0,13.0,10019.0,22.0,,,10008.0,0.0,0.07729723394280356,2.0,9.973696817766275,False
-2,12800,ASH_COATED_OSMIUM,10001.0,14.0,9998.0,20.0,,,10017.0,14.0,10019.0,20.0,,,10009.0,0.0,0.07937177684013128,4.0,10.431736539289336,True
-2,13000,ASH_COATED_OSMIUM,10001.0,15.0,9998.0,30.0,,,10017.0,15.0,10019.0,30.0,,,10009.0,0.0,0.08042662916080638,2.5,10.644986295239795,False
-2,13100,ASH_COATED_OSMIUM,10006.0,2.0,,,,,10017.0,10.0,10019.0,21.0,,,10011.5,0.0,0.08512658227848101,10.5,11.516239203866512,True
-2,13200,ASH_COATED_OSMIUM,10000.0,12.0,9998.0,22.0,,,10016.0,12.0,10019.0,22.0,,,10008.0,0.0,0.08124706985466479,3.0,11.034814481211946,True
-2,13300,ASH_COATED_OSMIUM,10001.0,11.0,9998.0,27.0,,,10017.0,11.0,10019.0,27.0,,,10009.0,0.0,0.08192686357243319,4.0,11.184082039844938,True
-2,13400,ASH_COATED_OSMIUM,10000.0,15.0,9998.0,27.0,,,10016.0,15.0,10019.0,27.0,,,10008.0,0.0,0.081586966713549,3.0,11.097867049969006,True
-2,13500,ASH_COATED_OSMIUM,10001.0,14.0,9998.0,27.0,,,10017.0,14.0,,,,,10009.0,0.0,0.08210267229254571,5.5,11.211778833789321,True
-2,13600,ASH_COATED_OSMIUM,10001.0,13.0,9999.0,24.0,,,10017.0,13.0,10020.0,24.0,,,10009.0,0.0,0.08110056258790437,2.0,11.040989428014328,False
-2,13700,ASH_COATED_OSMIUM,10001.0,14.0,9998.0,20.0,,,10017.0,14.0,10019.0,20.0,,,10009.0,0.0,0.08329231129864041,5.5,11.693026573942694,True
-2,13800,ASH_COATED_OSMIUM,9998.0,22.0,,,,,10017.0,13.0,10019.0,22.0,,,10007.5,0.0,0.08072550398499766,3.5,11.104506327752967,True
-2,13900,ASH_COATED_OSMIUM,10001.0,14.0,9999.0,20.0,,,10017.0,14.0,10020.0,20.0,,,10009.0,0.0,0.07992850445382091,5.0,10.957169456771775,True
-2,14000,ASH_COATED_OSMIUM,10001.0,14.0,9999.0,25.0,,,10017.0,14.0,,,,,10009.0,0.0,0.07901429910923582,2.5,10.791577923404372,False
-2,14100,ASH_COATED_OSMIUM,10002.0,12.0,9999.0,25.0,,,10020.0,25.0,,,,,10011.0,0.0,0.08220815752461322,5.5,11.442721733899717,True
-2,14200,ASH_COATED_OSMIUM,10001.0,10.0,9999.0,23.0,,,10017.0,10.0,,,,,10009.0,0.0,0.08249531176746366,8.0,11.514437989429222,True
-2,14300,ASH_COATED_OSMIUM,10001.0,14.0,9999.0,23.0,,,10017.0,14.0,,,,,10009.0,0.0,0.07842827004219409,4.0,11.17072368151856,True
-2,14400,ASH_COATED_OSMIUM,10001.0,14.0,,,,,10017.0,14.0,,,,,10009.0,0.0,0.07797116736990155,4.0,11.068571013853102,True
-2,14600,ASH_COATED_OSMIUM,10001.0,15.0,9998.0,20.0,,,10019.0,20.0,,,,,10010.0,0.0,0.07834622597280826,6.0,11.13872707145373,True
-2,14800,ASH_COATED_OSMIUM,10000.0,13.0,9997.0,28.0,,,10016.0,13.0,10018.0,28.0,,,10008.0,0.0,0.07580285982184716,4.0,10.589812905108518,True
-2,14900,ASH_COATED_OSMIUM,9997.0,29.0,,,,,10016.0,10.0,,,,,10006.5,0.0,0.07177684013127052,2.5,9.623451400084878,False
-2,15000,ASH_COATED_OSMIUM,10000.0,10.0,,,,,10016.0,10.0,10018.0,21.0,,,10008.0,0.0,0.06908110642287857,4.0,9.14666217022999,True
-2,15100,ASH_COATED_OSMIUM,10000.0,15.0,9997.0,29.0,,,10016.0,15.0,10018.0,29.0,,,10008.0,0.0,0.06629160806375996,4.0,8.681580856847782,True
-2,15200,ASH_COATED_OSMIUM,9999.0,11.0,9997.0,28.0,,,10015.0,11.0,10018.0,28.0,,,10007.0,0.0,0.06248241912798875,2.5,8.004455571962025,False
-2,15300,ASH_COATED_OSMIUM,9996.0,26.0,,,,,10015.0,10.0,10017.0,26.0,,,10005.5,0.0,0.05768870135958744,2.5,7.059293060693465,False
-2,15400,ASH_COATED_OSMIUM,9999.0,13.0,9997.0,22.0,,,10015.0,13.0,10018.0,22.0,,,10007.0,0.0,0.05283638068448195,4.0,6.43405662963567,False
-2,15500,ASH_COATED_OSMIUM,9999.0,14.0,9996.0,24.0,,,10015.0,14.0,10017.0,24.0,,,10007.0,0.0,0.04789029535864979,4.5,5.82976445456683,False
-2,15600,ASH_COATED_OSMIUM,9998.0,15.0,9996.0,25.0,,,10014.0,15.0,,,,,10006.0,0.0,0.04144983591186123,2.0,5.040085962619491,False
-2,15700,ASH_COATED_OSMIUM,9998.0,11.0,9996.0,29.0,,,10014.0,11.0,10017.0,29.0,,,10006.0,0.0,0.036351383028598215,2.0,4.36193031542948,False
-2,15800,ASH_COATED_OSMIUM,9998.0,10.0,,,,,10014.0,10.0,10017.0,20.0,,,10006.0,0.0,0.031206047819971872,1.0,3.7136864906886804,False
-2,15900,ASH_COATED_OSMIUM,9995.0,25.0,,,,,10014.0,12.0,10016.0,25.0,,,10004.5,0.0,0.02557430848570089,-1.5,2.941085591199194,False
-2,16000,ASH_COATED_OSMIUM,9999.0,10.0,9996.0,21.0,,,10017.0,21.0,,,,,10008.0,0.0,0.024144397562119082,4.5,2.776738279996415,False
-2,16100,ASH_COATED_OSMIUM,9998.0,14.0,,,,,10014.0,14.0,10017.0,25.0,,,10006.0,0.0,0.018442334739803095,-2.5,2.1416878031556257,False
-2,16200,ASH_COATED_OSMIUM,9998.0,12.0,,,,,10014.0,12.0,10017.0,29.0,,,10006.0,0.0,0.01742850445382091,2.0,2.00672559311803,False
-2,16300,ASH_COATED_OSMIUM,9998.0,13.0,9996.0,30.0,,,10014.0,13.0,10017.0,30.0,,,10006.0,0.0,0.01220112517580872,-3.5,1.4177308916410845,False
-2,16400,ASH_COATED_OSMIUM,9996.0,27.0,,,,,10014.0,12.0,10017.0,27.0,,,10005.0,0.0,0.01122245663384904,0.0,1.2892539234546738,False
-2,16500,ASH_COATED_OSMIUM,9998.0,12.0,9996.0,26.0,,,10014.0,12.0,10017.0,26.0,,,10006.0,0.0,0.007003047351148617,1.5,0.8064740149987197,False
-2,16600,ASH_COATED_OSMIUM,9996.0,23.0,,,,,10017.0,23.0,,,,,10006.5,0.0,0.0027484763244256913,0.5,0.32122654555253743,False
-2,16700,ASH_COATED_OSMIUM,9999.0,13.0,9996.0,24.0,,,10015.0,13.0,10017.0,24.0,,,10007.0,0.0,0.0003340365682137834,2.0,0.03922249198916196,False
-2,16800,ASH_COATED_OSMIUM,9999.0,11.0,,,,,10015.0,11.0,10017.0,21.0,,,10007.0,0.0,-0.0030532114392873887,2.0,-0.36430302058658043,False
-2,16900,ASH_COATED_OSMIUM,9996.0,25.0,,,,,10015.0,12.0,10017.0,25.0,,,10005.5,0.0,-0.007876230661040788,1.5,-0.9496200038781575,False
-2,17000,ASH_COATED_OSMIUM,9996.0,27.0,,,,,10014.0,10.0,10017.0,27.0,,,10005.0,0.0,-0.014123300515705579,0.0,-1.7514073329419924,False
-2,17100,ASH_COATED_OSMIUM,9998.0,14.0,,,,,10014.0,14.0,10017.0,25.0,,,10006.0,0.0,-0.018518518518518517,1.0,-2.3560456877553655,False
-2,17200,ASH_COATED_OSMIUM,9998.0,14.0,9996.0,30.0,,,10017.0,30.0,,,,,10007.5,0.0,-0.02154828879512424,-0.5,-2.8344284833647477,False
-2,17300,ASH_COATED_OSMIUM,9998.0,12.0,9996.0,24.0,,,10017.0,24.0,,,,,10007.5,0.0,-0.021788560712611347,1.5,-2.868391625571635,False
-2,17400,ASH_COATED_OSMIUM,9998.0,10.0,9995.0,26.0,,,10014.0,10.0,10017.0,26.0,,,10006.0,0.0,-0.0253047351148617,-0.5,-3.3943114003353254,False
-2,17500,ASH_COATED_OSMIUM,9998.0,11.0,,,,,10014.0,11.0,10016.0,21.0,,,10006.0,0.0,-0.02834622597280825,0.0,-3.858396161371419,False
-2,17700,ASH_COATED_OSMIUM,9998.0,10.0,9996.0,26.0,,,10017.0,26.0,,,,,10007.5,0.0,-0.03046179090482888,1.5,-4.250490749738409,False
-2,17800,ASH_COATED_OSMIUM,9998.0,13.0,9996.0,29.0,,,10014.0,13.0,10017.0,29.0,,,10006.0,0.0,-0.0340014064697609,0.5,-4.885562584011076,False
-2,18000,ASH_COATED_OSMIUM,9998.0,12.0,9996.0,29.0,,,10014.0,12.0,10017.0,29.0,,,10006.0,0.0,-0.038015705578996715,-1.0,-5.725498010013457,False
-2,18200,ASH_COATED_OSMIUM,9999.0,15.0,9996.0,28.0,,,10015.0,15.0,,,,,10007.0,0.0,-0.03969174871073605,0.0,-6.094452783001531,False
-2,18300,ASH_COATED_OSMIUM,9999.0,14.0,9997.0,27.0,,,10018.0,27.0,,,,,10008.5,0.0,-0.0399789029535865,0.5,-6.169997466670522,False
-2,18400,ASH_COATED_OSMIUM,9999.0,11.0,9997.0,20.0,,,10018.0,20.0,,,,,10008.5,0.0,-0.03935185185185185,0.5,-6.020523622850271,False
-2,18500,ASH_COATED_OSMIUM,9999.0,15.0,9997.0,26.0,,,10015.0,15.0,10018.0,26.0,,,10007.0,0.0,-0.04012541022034693,-1.0,-6.1780600140278485,False
-2,18600,ASH_COATED_OSMIUM,9999.0,14.0,9997.0,30.0,,,10015.0,14.0,10018.0,30.0,,,10007.0,0.0,-0.04087552742616034,0.5,-6.3341189549427535,False
-2,18700,ASH_COATED_OSMIUM,9999.0,11.0,9997.0,30.0,,,10015.0,11.0,10018.0,30.0,,,10007.0,0.0,-0.04302625410220347,-1.0,-6.890946926675697,False
-2,18800,ASH_COATED_OSMIUM,9999.0,13.0,9996.0,24.0,,,10017.0,24.0,,,,,10008.0,0.0,-0.04283872480075012,0.0,-6.84281974838568,False
-2,18900,ASH_COATED_OSMIUM,9999.0,10.0,9996.0,23.0,,,10015.0,10.0,10017.0,23.0,,,10007.0,0.0,-0.043577121425222694,-2.0,-7.012978461465129,False
-2,19000,ASH_COATED_OSMIUM,9999.0,11.0,9996.0,23.0,,,10015.0,11.0,10017.0,23.0,,,10007.0,0.0,-0.043342709798406,-5.0,-6.965253362292683,False
-2,19200,ASH_COATED_OSMIUM,9999.0,14.0,,,,,10015.0,14.0,10017.0,24.0,,,10007.0,0.0,-0.04021331458040319,-3.0,-6.605737351534122,False
-2,19300,ASH_COATED_OSMIUM,9999.0,10.0,9997.0,29.0,,,10015.0,10.0,10018.0,29.0,,,10007.0,0.0,-0.03886544772620722,-3.5,-6.378264270737571,False
-2,19400,ASH_COATED_OSMIUM,10000.0,13.0,9997.0,22.0,,,10016.0,13.0,10018.0,22.0,,,10008.0,0.0,-0.03604664791373652,1.0,-5.8802548050494865,False
-2,19600,ASH_COATED_OSMIUM,9997.0,21.0,,,,,10016.0,10.0,10018.0,21.0,,,10006.5,0.0,-0.03788091889357712,-1.5,-6.301788141830189,False
-2,19700,ASH_COATED_OSMIUM,9999.0,15.0,9996.0,25.0,,,10015.0,15.0,,,,,10007.0,0.0,-0.03829113924050633,-3.0,-6.3938869846504165,False
-2,19800,ASH_COATED_OSMIUM,9998.0,15.0,9995.0,23.0,,,10014.0,15.0,10016.0,23.0,,,10006.0,0.0,-0.037705110173464604,-3.0,-6.311921047454558,False
-2,19900,ASH_COATED_OSMIUM,9997.0,12.0,9995.0,24.0,,,10016.0,24.0,,,,,10006.5,0.0,-0.037511720581340835,-2.5,-6.276774823631301,False
-2,20000,ASH_COATED_OSMIUM,9995.0,28.0,,,,,10013.0,15.0,,,,,10004.0,0.0,-0.03957454289732771,-5.0,-6.507510970257755,False
-2,20100,ASH_COATED_OSMIUM,9998.0,15.0,,,,,10014.0,15.0,10017.0,30.0,,,10006.0,0.0,-0.039668307548054386,-2.0,-6.523379168629946,False
-2,20200,ASH_COATED_OSMIUM,9998.0,12.0,9995.0,27.0,,,10014.0,12.0,10016.0,27.0,,,10006.0,0.0,-0.040641115799343645,-2.0,-6.717781012868967,False
-2,20300,ASH_COATED_OSMIUM,9998.0,13.0,9995.0,24.0,,,10014.0,13.0,,,,,10006.0,0.0,-0.04156704172526957,-4.0,-6.907003599846054,False
-2,20400,ASH_COATED_OSMIUM,9998.0,12.0,9995.0,25.0,,,10016.0,25.0,,,,,10007.0,0.0,-0.03962142522269105,-4.5,-6.569723852400046,False
-2,20500,ASH_COATED_OSMIUM,9998.0,10.0,9995.0,24.0,,,10014.0,10.0,,,,,10006.0,0.0,-0.037107360525082046,-2.0,-6.325544102971646,False
-2,20600,ASH_COATED_OSMIUM,9998.0,10.0,,,,,10014.0,10.0,,,,,10006.0,0.0,-0.037787154242850444,-2.0,-6.461827863676737,False
-2,20700,ASH_COATED_OSMIUM,9998.0,15.0,9996.0,22.0,,,10014.0,15.0,10017.0,22.0,,,10006.0,0.0,-0.03842006563525551,-0.5,-6.590583484949439,False
-2,20800,ASH_COATED_OSMIUM,9998.0,13.0,,,,,10014.0,13.0,10017.0,21.0,,,10006.0,0.0,-0.040430145335208625,-2.5,-7.116740740169165,False
-2,20900,ASH_COATED_OSMIUM,9998.0,13.0,9996.0,28.0,,,10014.0,13.0,10017.0,28.0,,,10006.0,0.0,-0.04052977027660572,-2.0,-7.1368847120702785,False
-2,21000,ASH_COATED_OSMIUM,9998.0,12.0,9996.0,28.0,,,10014.0,12.0,10017.0,28.0,,,10006.0,0.0,-0.04104547585560244,-2.0,-7.2512028402126205,False
-2,21100,ASH_COATED_OSMIUM,9999.0,15.0,9996.0,22.0,,,10015.0,15.0,10017.0,22.0,,,10007.0,0.0,-0.04058837318330989,-4.0,-7.13359938395858,False
-2,21200,ASH_COATED_OSMIUM,9997.0,27.0,,,,,10015.0,14.0,10018.0,27.0,,,10006.0,0.0,-0.03818565400843882,-3.5,-6.863964737652947,False
-2,21300,ASH_COATED_OSMIUM,10000.0,15.0,,,,,10016.0,15.0,10018.0,27.0,,,10008.0,0.0,-0.03523792780121894,-1.5,-6.199589398347553,False
-2,21400,ASH_COATED_OSMIUM,9996.0,21.0,,,,,10008.0,2.0,10017.0,21.0,,,10002.0,0.0,-0.03781059540553212,-6.0,-6.294617478238561,False
-2,21500,ASH_COATED_OSMIUM,9999.0,15.0,,,,,10015.0,15.0,,,,,10007.0,0.0,-0.03700187529301453,-2.0,-6.11636516398091,False
-2,21600,ASH_COATED_OSMIUM,9996.0,23.0,,,,,10015.0,10.0,10017.0,23.0,,,10005.5,0.0,-0.03660923581809658,-3.5,-6.057250744844924,False
-2,21800,ASH_COATED_OSMIUM,9999.0,11.0,9996.0,25.0,,,10004.0,8.0,10015.0,11.0,,,10001.5,0.0,-0.03983825597749648,-10.0,-6.212176149408973,False
-2,21900,ASH_COATED_OSMIUM,9999.0,12.0,9996.0,21.0,,,10015.0,12.0,10017.0,21.0,,,10007.0,0.0,-0.035425457102672295,-1.0,-5.671227153242082,False
-2,22000,ASH_COATED_OSMIUM,9998.0,12.0,9996.0,24.0,,,10014.0,12.0,10017.0,24.0,,,10006.0,0.0,-0.0351558837318331,-3.0,-5.622948517209,False
-2,22100,ASH_COATED_OSMIUM,9998.0,14.0,9996.0,25.0,,,10014.0,14.0,10017.0,25.0,,,10006.0,0.0,-0.033890060947022974,-2.0,-5.427200409209091,False
-2,22200,ASH_COATED_OSMIUM,9998.0,15.0,9995.0,25.0,,,10014.0,15.0,10016.0,25.0,,,10006.0,0.0,-0.033503281762775436,-3.0,-5.359337274404172,False
-2,22300,ASH_COATED_OSMIUM,9995.0,27.0,,,,,10014.0,15.0,10016.0,27.0,,,10004.5,0.0,-0.03350914205344585,-4.5,-5.360040347797115,False
-2,22400,ASH_COATED_OSMIUM,9996.0,28.0,,,,,10014.0,11.0,10017.0,28.0,,,10005.0,0.0,-0.032946554149085795,-4.0,-5.2864383515045095,False
-2,22500,ASH_COATED_OSMIUM,9999.0,14.0,,,,,10015.0,14.0,10017.0,29.0,,,10007.0,0.0,-0.03043834974214721,-0.5,-4.85714693040414,False
-2,22600,ASH_COATED_OSMIUM,9999.0,13.0,,,,,10015.0,13.0,10018.0,22.0,,,10007.0,0.0,-0.02930731364275668,-2.0,-4.63639830665587,False
-2,22700,ASH_COATED_OSMIUM,9999.0,13.0,9996.0,27.0,,,10015.0,13.0,10017.0,27.0,,,10007.0,0.0,-0.026740506329113924,-2.0,-4.219834815276742,False
-2,22900,ASH_COATED_OSMIUM,9998.0,13.0,,,,,10014.0,13.0,10017.0,21.0,,,10006.0,0.0,-0.025052742616033755,-5.0,-3.9784476182677517,False
-2,23000,ASH_COATED_OSMIUM,10004.0,5.0,9998.0,13.0,,,10014.0,13.0,10017.0,24.0,,,10009.0,0.0,-0.018618143459915613,0.0,-2.9762739704271146,False
-2,23200,ASH_COATED_OSMIUM,9998.0,13.0,9995.0,28.0,,,10014.0,13.0,10016.0,28.0,,,10006.0,0.0,-0.016813173933427097,-3.0,-2.7197418799279247,False
-2,23400,ASH_COATED_OSMIUM,9998.0,10.0,9995.0,21.0,,,10014.0,10.0,10016.0,21.0,,,10006.0,0.0,-0.014937880918893576,-3.0,-2.4499493859186265,False
-2,23500,ASH_COATED_OSMIUM,9998.0,14.0,,,,,10014.0,14.0,10016.0,22.0,,,10006.0,0.0,-0.01299226441631505,-4.0,-2.1653174593124946,False
-2,23600,ASH_COATED_OSMIUM,9995.0,22.0,,,,,10014.0,14.0,10016.0,22.0,,,10004.5,0.0,-0.011415846225972809,-3.5,-1.9660195329302395,False
-2,23700,ASH_COATED_OSMIUM,9997.0,14.0,9995.0,26.0,,,10013.0,14.0,10016.0,26.0,,,10005.0,0.0,-0.011146272855133615,-1.5,-1.9247739213598347,False
-2,23800,ASH_COATED_OSMIUM,9997.0,12.0,9995.0,27.0,,,10003.0,7.0,10013.0,12.0,10016.0,27.0,10000.0,0.0,-0.016860056258790435,-8.0,-2.559633866387966,False
-2,23900,ASH_COATED_OSMIUM,9997.0,14.0,9994.0,23.0,,,10013.0,14.0,10015.0,23.0,,,10005.0,0.0,-0.016367791842475388,-3.0,-2.4924839192634556,False
-2,24000,ASH_COATED_OSMIUM,9997.0,14.0,9994.0,24.0,,,10013.0,14.0,10015.0,24.0,,,10005.0,0.0,-0.015805203938115332,-2.0,-2.4154798008223115,False
-2,24100,ASH_COATED_OSMIUM,9997.0,13.0,9994.0,29.0,,,10013.0,13.0,10015.0,29.0,,,10005.0,0.0,-0.016121659634317862,-0.5,-2.461736038874348,False
-2,24200,ASH_COATED_OSMIUM,9994.0,30.0,,,,,10013.0,12.0,,,,,10003.5,0.0,-0.019204172526957337,-3.5,-2.912801139195104,False
-2,24300,ASH_COATED_OSMIUM,9997.0,15.0,9994.0,29.0,,,10013.0,15.0,10015.0,29.0,,,10005.0,0.0,-0.019426863572433194,-2.0,-2.94547837646586,False
-2,24400,ASH_COATED_OSMIUM,9996.0,14.0,9994.0,28.0,,,10012.0,14.0,10015.0,28.0,,,10004.0,0.0,-0.020528598218471635,-2.0,-3.0949629160908776,False
-2,24500,ASH_COATED_OSMIUM,9996.0,15.0,9994.0,20.0,,,10012.0,15.0,10015.0,20.0,,,10004.0,0.0,-0.02250937646507267,-2.0,-3.3867937646914186,False
-2,24600,ASH_COATED_OSMIUM,9996.0,10.0,9994.0,28.0,,,10012.0,10.0,10015.0,28.0,,,10004.0,0.0,-0.02444327238631036,-2.0,-3.674629277914269,False
-2,24700,ASH_COATED_OSMIUM,9997.0,10.0,9994.0,27.0,,,10013.0,10.0,,,,,10005.0,0.0,-0.02540436005625879,0.5,-3.832394169774517,False
-2,24800,ASH_COATED_OSMIUM,9997.0,14.0,9994.0,21.0,,,10013.0,14.0,10015.0,21.0,,,10005.0,0.0,-0.027766057196436943,-3.0,-4.2867820274362325,False
-2,24900,ASH_COATED_OSMIUM,10006.0,4.0,9997.0,11.0,,,10013.0,11.0,10015.0,26.0,,,10009.5,0.0,-0.02265002344116268,3.5,-3.2788374141832137,False
-2,25000,ASH_COATED_OSMIUM,9997.0,15.0,,,,,10013.0,15.0,10015.0,22.0,,,10005.0,0.0,-0.02363455227379278,-1.0,-3.431030503110336,False
-2,25100,ASH_COATED_OSMIUM,9997.0,14.0,9994.0,24.0,,,10015.0,24.0,,,,,10006.0,0.0,-0.023669714017815282,0.0,-3.4369072925953175,False
-2,25200,ASH_COATED_OSMIUM,9997.0,13.0,,,,,10013.0,13.0,10015.0,25.0,,,10005.0,0.0,-0.024630801687763715,0.0,-3.5873337218688035,False
-2,25300,ASH_COATED_OSMIUM,9996.0,14.0,9994.0,23.0,,,10015.0,23.0,,,,,10005.5,0.0,-0.026054852320675104,-0.5,-3.8420371180868664,False
-2,25400,ASH_COATED_OSMIUM,9996.0,10.0,9994.0,22.0,,,10012.0,10.0,10015.0,22.0,,,10004.0,0.0,-0.027930145335208625,-2.5,-4.122863792296315,False
-2,25500,ASH_COATED_OSMIUM,9996.0,15.0,9994.0,29.0,,,10012.0,15.0,10015.0,29.0,,,10004.0,0.0,-0.029283872480075013,-3.0,-4.318377988508492,False
-2,25600,ASH_COATED_OSMIUM,9997.0,15.0,9994.0,29.0,,,10013.0,15.0,10015.0,29.0,,,10005.0,0.0,-0.0291783872480075,-2.0,-4.302287178622846,False
-2,25700,ASH_COATED_OSMIUM,9997.0,13.0,,,,,10013.0,13.0,10015.0,28.0,,,10005.0,0.0,-0.02902601969057665,-0.5,-4.279075502904168,False
-2,25800,ASH_COATED_OSMIUM,9997.0,11.0,9994.0,23.0,,,10013.0,11.0,10015.0,23.0,,,10005.0,0.0,-0.030250820440693858,0.0,-4.4956656653029,False
-2,25900,ASH_COATED_OSMIUM,9997.0,11.0,9994.0,24.0,,,10013.0,11.0,,,,,10005.0,0.0,-0.03193858415377403,-1.0,-4.818634024019212,False
-2,26100,ASH_COATED_OSMIUM,9996.0,12.0,9994.0,21.0,,,10012.0,12.0,10015.0,21.0,,,10004.0,0.0,-0.03360290670417253,-3.5,-5.088976560177594,False
-2,26200,ASH_COATED_OSMIUM,9996.0,12.0,9993.0,30.0,,,10012.0,12.0,10014.0,30.0,,,10004.0,0.0,-0.033796296296296297,-3.5,-5.115341688246113,False
-2,26300,ASH_COATED_OSMIUM,9996.0,13.0,9993.0,28.0,,,10012.0,13.0,10014.0,28.0,,,10004.0,0.0,-0.033907641819034225,-2.0,-5.130534262618141,False
-2,26400,ASH_COATED_OSMIUM,9996.0,14.0,,,,,10012.0,14.0,10015.0,24.0,,,10004.0,0.0,-0.035360993905297705,-2.0,-5.372565701000886,False
-2,26500,ASH_COATED_OSMIUM,9996.0,13.0,9993.0,25.0,,,10012.0,13.0,10014.0,25.0,,,10004.0,0.0,-0.03676746366619784,-3.5,-5.612163706952919,False
-2,26600,ASH_COATED_OSMIUM,9996.0,15.0,9994.0,22.0,,,10012.0,15.0,,,,,10004.0,0.0,-0.03670300046882325,-2.0,-5.603080950901674,False
-2,26700,ASH_COATED_OSMIUM,9994.0,22.0,,,,,10012.0,11.0,10015.0,22.0,,,10003.0,0.0,-0.03890646976090014,-3.0,-5.940654591820544,False
-2,26800,ASH_COATED_OSMIUM,9996.0,12.0,9994.0,22.0,,,10012.0,12.0,10015.0,22.0,,,10004.0,0.0,-0.04011368963900609,-3.0,-6.157309334590356,False
-2,27000,ASH_COATED_OSMIUM,9996.0,10.0,9993.0,21.0,,,10012.0,10.0,10014.0,21.0,,,10004.0,0.0,-0.04032466010314112,-4.5,-6.190765413500247,False
-2,27200,ASH_COATED_OSMIUM,9994.0,28.0,,,,,10015.0,28.0,,,,,10004.5,0.0,-0.03857829348335678,-4.0,-5.955903999481984,False
-2,27300,ASH_COATED_OSMIUM,9996.0,15.0,9994.0,30.0,,,10012.0,15.0,10015.0,30.0,,,10004.0,0.0,-0.03720112517580872,-3.0,-5.7881864691199985,False
-2,27400,ASH_COATED_OSMIUM,9994.0,23.0,,,,,10012.0,15.0,10015.0,23.0,,,10003.0,0.0,-0.038068448195030476,-4.0,-5.903516923600806,False
-2,27500,ASH_COATED_OSMIUM,9996.0,12.0,9993.0,26.0,,,10012.0,12.0,10014.0,26.0,,,10004.0,0.0,-0.037916080637599624,-3.0,-5.8797523456819105,False
-2,27600,ASH_COATED_OSMIUM,9996.0,15.0,9993.0,29.0,,,10012.0,15.0,10014.0,29.0,,,10004.0,0.0,-0.03769338959212377,-4.0,-5.845096734877584,False
-2,27700,ASH_COATED_OSMIUM,9996.0,13.0,9993.0,27.0,,,10012.0,13.0,10014.0,27.0,,,10004.0,0.0,-0.036451007969995314,-3.0,-5.680638936816153,False
-2,27800,ASH_COATED_OSMIUM,9995.0,13.0,,,,,10011.0,13.0,10014.0,23.0,,,10003.0,0.0,-0.036990154711673696,-4.0,-5.751852956728356,False
-2,27900,ASH_COATED_OSMIUM,9995.0,12.0,9992.0,22.0,,,10011.0,12.0,10013.0,22.0,,,10003.0,0.0,-0.03743553680262541,-4.0,-5.810858735880983,False
-2,28000,ASH_COATED_OSMIUM,9995.0,10.0,9992.0,29.0,,,10013.0,29.0,,,,,10004.0,0.0,-0.03686122831692452,-3.0,-5.722069757006641,False
-2,28300,ASH_COATED_OSMIUM,9995.0,14.0,9993.0,27.0,,,10011.0,14.0,10014.0,27.0,,,10003.0,0.0,-0.03714252226910455,-5.0,-5.759234001739832,False
-2,28400,ASH_COATED_OSMIUM,10001.0,2.0,9995.0,11.0,9993.0,23.0,10011.0,11.0,10014.0,23.0,,,10006.0,0.0,-0.03360290670417253,-0.5,-5.15240463072264,False
-2,28500,ASH_COATED_OSMIUM,9995.0,15.0,9993.0,25.0,,,10014.0,25.0,,,,,10004.5,0.0,-0.03282934833567745,-2.5,-5.024177580296408,False
-2,28700,ASH_COATED_OSMIUM,10000.0,4.0,9995.0,10.0,,,10011.0,10.0,10013.0,30.0,,,10005.5,0.0,-0.03060829817158931,-0.5,-4.644273360369804,False
-2,28800,ASH_COATED_OSMIUM,9995.0,12.0,9993.0,27.0,,,10011.0,12.0,10014.0,27.0,,,10003.0,0.0,-0.03161626816690108,-3.5,-4.788124212057965,False
-2,28900,ASH_COATED_OSMIUM,9995.0,10.0,9993.0,22.0,,,10011.0,10.0,10014.0,22.0,,,10003.0,0.0,-0.03207923112986404,-1.0,-4.850384985833348,False
-2,29100,ASH_COATED_OSMIUM,9992.0,21.0,,,,,10013.0,21.0,,,,,10002.5,0.0,-0.035296530707923116,-3.5,-5.413643045639689,False
-2,29200,ASH_COATED_OSMIUM,9995.0,10.0,9992.0,30.0,,,10011.0,10.0,10013.0,30.0,,,10003.0,0.0,-0.03611697140178153,-3.0,-5.5370226729156915,False
-2,29300,ASH_COATED_OSMIUM,9992.0,23.0,,,,,10013.0,23.0,,,,,10002.5,0.0,-0.0373300515705579,-3.5,-5.708355058133512,False
-2,29400,ASH_COATED_OSMIUM,9995.0,12.0,,,,,10011.0,12.0,,,,,10003.0,0.0,-0.037998124706985464,-4.0,-5.8107049648247795,False
-2,29600,ASH_COATED_OSMIUM,9995.0,12.0,,,,,10011.0,12.0,10013.0,22.0,,,10003.0,0.0,-0.03764650726676043,-3.0,-5.764339946496355,False
-2,29800,ASH_COATED_OSMIUM,9992.0,20.0,,,,,10010.0,13.0,10013.0,20.0,,,10001.0,0.0,-0.040002344116268164,-5.0,-6.024886027550115,False
-2,29900,ASH_COATED_OSMIUM,9995.0,15.0,,,,,10013.0,27.0,,,,,10004.0,0.0,-0.03946319737458978,-2.0,-5.930000462789924,False
-2,30000,ASH_COATED_OSMIUM,9995.0,11.0,,,,,10011.0,11.0,10014.0,27.0,,,10003.0,0.0,-0.03980309423347398,-3.0,-5.982331389281596,False
-2,30100,ASH_COATED_OSMIUM,9995.0,10.0,,,,,10011.0,10.0,10014.0,21.0,,,10003.0,0.0,-0.040072667604313175,-3.0,-6.023994410447476,False
-2,30200,ASH_COATED_OSMIUM,9996.0,12.0,,,,,10012.0,12.0,10014.0,27.0,,,10004.0,0.0,-0.03934599156118143,-2.0,-5.89652344615758,False
-2,30300,ASH_COATED_OSMIUM,9995.0,11.0,9993.0,28.0,,,10011.0,11.0,10014.0,28.0,,,10003.0,0.0,-0.03949835911861228,-4.0,-5.919857006389734,False
-2,30400,ASH_COATED_OSMIUM,9995.0,15.0,,,,,10011.0,15.0,10014.0,29.0,,,10003.0,0.0,-0.03863103609939053,-3.0,-5.805745467297251,False
-2,30500,ASH_COATED_OSMIUM,9995.0,10.0,,,,,10011.0,10.0,10014.0,20.0,,,10003.0,0.0,-0.038619315518049695,-5.0,-5.80396185171292,False
-2,30600,ASH_COATED_OSMIUM,9995.0,12.0,9993.0,29.0,,,10011.0,12.0,10014.0,29.0,,,10003.0,0.0,-0.03663853727144866,1.0,-5.586547109717472,False
-2,30700,ASH_COATED_OSMIUM,9996.0,11.0,,,,,10012.0,11.0,10014.0,24.0,,,10004.0,0.0,-0.03931082981715893,-3.0,-6.319373040449574,False
-2,30800,ASH_COATED_OSMIUM,9995.0,14.0,,,,,10011.0,14.0,10014.0,29.0,,,10003.0,0.0,-0.038209095171120484,-2.5,-6.167621043965367,False
-2,30900,ASH_COATED_OSMIUM,9995.0,14.0,9993.0,29.0,,,10011.0,14.0,10014.0,29.0,,,10003.0,0.0,-0.03843764650726676,1.5,-6.207866592221463,False
-2,31200,ASH_COATED_OSMIUM,9995.0,11.0,9992.0,24.0,,,10013.0,24.0,,,,,10004.0,0.0,-0.04147913736521332,-3.0,-7.244270202410155,False
-2,31300,ASH_COATED_OSMIUM,9995.0,13.0,9992.0,22.0,,,10011.0,13.0,10013.0,22.0,,,10003.0,0.0,-0.040283638068448195,-3.0,-7.0656632727347235,False
-2,31400,ASH_COATED_OSMIUM,9995.0,10.0,9993.0,24.0,,,10011.0,10.0,,,,,10003.0,0.0,-0.039943741209563996,-3.0,-7.003592518437052,False
-2,31500,ASH_COATED_OSMIUM,9996.0,13.0,,,,,10012.0,13.0,10014.0,30.0,,,10004.0,0.0,-0.03860759493670886,-2.0,-6.718992750546473,False
-2,31600,ASH_COATED_OSMIUM,9996.0,14.0,9993.0,22.0,,,10014.0,22.0,,,,,10005.0,0.0,-0.03629864041256446,0.5,-6.1804025419986335,False
-2,31700,ASH_COATED_OSMIUM,9995.0,14.0,9993.0,25.0,,,10011.0,14.0,10014.0,25.0,,,10003.0,0.0,-0.03724214721050164,-2.0,-6.381503835384255,False
-2,31800,ASH_COATED_OSMIUM,9995.0,12.0,9993.0,23.0,,,10011.0,12.0,10014.0,23.0,,,10003.0,0.0,-0.037675808720112516,-4.0,-6.46898269455314,False
-2,31900,ASH_COATED_OSMIUM,9996.0,14.0,9993.0,29.0,,,10012.0,14.0,10014.0,29.0,,,10004.0,0.0,-0.03523792780121894,-3.0,-6.056219448064642,False
-2,32000,ASH_COATED_OSMIUM,9995.0,10.0,9993.0,22.0,,,10011.0,10.0,10014.0,22.0,,,10003.0,0.0,-0.03365564932020628,-4.0,-5.838950615126272,False
-2,32100,ASH_COATED_OSMIUM,10005.0,10.0,9993.0,22.0,,,10011.0,11.0,10014.0,22.0,,,10008.0,0.0,-0.027349976558837318,2.0,-4.314905115341531,False
-2,32200,ASH_COATED_OSMIUM,9996.0,10.0,9993.0,30.0,,,10012.0,10.0,10014.0,30.0,,,10004.0,0.0,-0.025720815752461323,-5.0,-4.054643237325065,False
-2,32300,ASH_COATED_OSMIUM,9996.0,14.0,9993.0,20.0,,,10012.0,14.0,10014.0,20.0,,,10004.0,0.0,-0.021196671354899204,-2.0,-3.547012652817615,False
-2,32400,ASH_COATED_OSMIUM,10005.0,10.0,9996.0,10.0,9993.0,30.0,10012.0,10.0,,,,,10008.5,0.0,-0.015236755743084857,2.5,-2.316294122803949,False
-2,32500,ASH_COATED_OSMIUM,9996.0,13.0,9993.0,20.0,,,10012.0,13.0,10014.0,20.0,,,10004.0,0.0,-0.01350210970464135,-2.0,-2.0639001457419655,False
-2,32600,ASH_COATED_OSMIUM,9996.0,15.0,9994.0,21.0,,,10015.0,21.0,,,,,10005.5,0.0,-0.010331692451945616,1.0,-1.5708461355620955,False
-2,32800,ASH_COATED_OSMIUM,9997.0,14.0,9994.0,24.0,,,10013.0,14.0,10015.0,24.0,,,10005.0,0.0,-0.009036568213783404,0.0,-1.3656067837923265,False
-2,32900,ASH_COATED_OSMIUM,9994.0,30.0,,,,,10015.0,30.0,,,,,10004.5,0.0,-0.007741443975621191,4.5,-1.1689397835391528,False
-2,33000,ASH_COATED_OSMIUM,9997.0,13.0,,,,,10013.0,13.0,10015.0,26.0,,,10005.0,0.0,-0.010718471636193156,0.0,-1.7300540971495977,False
-2,33100,ASH_COATED_OSMIUM,9995.0,27.0,,,,,10016.0,27.0,,,,,10005.5,0.0,-0.008602906704172526,0.5,-1.3732304796294545,False
-2,33200,ASH_COATED_OSMIUM,9997.0,13.0,9995.0,20.0,,,10013.0,13.0,10016.0,20.0,,,10005.0,0.0,-0.006962025316455696,0.0,-1.1066993601873052,False
-2,33300,ASH_COATED_OSMIUM,10003.0,2.0,9995.0,24.0,,,10013.0,10.0,10016.0,24.0,,,10008.0,0.0,-0.002543366150961088,4.5,-0.381862007499559,False
-2,33400,ASH_COATED_OSMIUM,10003.0,2.0,9997.0,13.0,9995.0,28.0,10013.0,13.0,10016.0,28.0,,,10008.0,0.0,0.0003809188935771214,3.0,0.05460668092282856,False
-2,33500,ASH_COATED_OSMIUM,9994.0,26.0,,,,,10013.0,15.0,,,,,10003.5,0.0,0.0004571026722925457,-0.5,0.06555324447332854,False
-2,33600,ASH_COATED_OSMIUM,9996.0,11.0,,,,,10012.0,11.0,10015.0,26.0,,,10004.0,0.0,8.204406938584154e-05,0.0,0.011765653301445519,False
-2,33700,ASH_COATED_OSMIUM,9996.0,13.0,,,,,10012.0,13.0,,,,,10004.0,0.0,-0.00029301453352086266,0.0,-0.042020628689799416,False
-2,33900,ASH_COATED_OSMIUM,9997.0,15.0,9994.0,21.0,,,10013.0,15.0,10015.0,21.0,,,10005.0,0.0,0.00025785278949835914,0.0,0.03691110577953626,False
-2,34000,ASH_COATED_OSMIUM,9996.0,15.0,9994.0,26.0,,,10012.0,15.0,10015.0,26.0,,,10004.0,0.0,0.0008087201125175808,-1.0,0.11598562321624457,False
-2,34100,ASH_COATED_OSMIUM,9996.0,10.0,9994.0,23.0,,,10012.0,10.0,10015.0,23.0,,,10004.0,0.0,0.0013830285982184716,-5.5,0.19876191069861376,False
-2,34200,ASH_COATED_OSMIUM,9994.0,21.0,,,,,10012.0,10.0,10015.0,21.0,,,10003.0,0.0,0.005327004219409283,-2.0,0.8437417642889063,False
-2,34300,ASH_COATED_OSMIUM,9996.0,11.0,,,,,10012.0,11.0,10015.0,27.0,,,10004.0,0.0,0.006077121425222691,-2.0,0.966807538256268,False
-2,34400,ASH_COATED_OSMIUM,9996.0,15.0,9994.0,29.0,,,10012.0,15.0,,,,,10004.0,0.0,0.0078000468823253635,-1.0,1.263675938557918,False
-2,34500,ASH_COATED_OSMIUM,9996.0,14.0,9994.0,23.0,,,10015.0,23.0,,,,,10005.5,0.0,0.010009376465072668,0.0,1.6248166061162077,False
-2,34600,ASH_COATED_OSMIUM,9997.0,10.0,9994.0,28.0,,,10013.0,10.0,,,,,10005.0,0.0,0.012218706047819971,1.0,2.0096726096787187,False
-2,34700,ASH_COATED_OSMIUM,9996.0,15.0,9994.0,29.0,,,10015.0,29.0,,,,,10005.5,0.0,0.013478668541959681,1.5,2.2112101781452456,False
-2,34800,ASH_COATED_OSMIUM,9994.0,23.0,,,,,10012.0,13.0,10015.0,23.0,,,10003.0,0.0,0.012388654477262073,-2.0,2.013224100833604,False
-2,34900,ASH_COATED_OSMIUM,9994.0,26.0,,,,,10015.0,26.0,,,,,10004.5,0.0,0.013660337552742615,-0.5,2.238533912161588,False
-2,35000,ASH_COATED_OSMIUM,9997.0,12.0,9995.0,21.0,,,10013.0,12.0,10016.0,21.0,,,10005.0,0.0,0.015406704172526956,0.0,2.5470674352468703,False
-2,35100,ASH_COATED_OSMIUM,9997.0,10.0,9995.0,22.0,,,10013.0,10.0,10016.0,22.0,,,10005.0,0.0,0.0171530707923113,0.0,2.8644600818693275,False
-2,35200,ASH_COATED_OSMIUM,9997.0,13.0,,,,,10013.0,13.0,10015.0,26.0,,,10005.0,0.0,0.01889943741209564,1.0,3.1922260647852463,False
-2,35300,ASH_COATED_OSMIUM,9997.0,15.0,9995.0,21.0,,,10013.0,15.0,10016.0,21.0,,,10005.0,0.0,0.019696436943272385,1.0,3.3334563205348435,False
-2,35400,ASH_COATED_OSMIUM,9997.0,10.0,9995.0,22.0,,,10013.0,10.0,10016.0,22.0,,,10005.0,0.0,0.020469995311767464,1.0,3.4718613827698057,False
-2,35600,ASH_COATED_OSMIUM,9997.0,10.0,,,,,10006.0,3.0,10013.0,10.0,10015.0,27.0,10001.5,0.0,0.01797937177684013,-2.5,2.917180512545732,False
-2,35700,ASH_COATED_OSMIUM,9997.0,15.0,9995.0,24.0,,,10013.0,15.0,10016.0,24.0,,,10005.0,0.0,0.018788091889357712,1.0,3.0533040058493537,False
-2,35800,ASH_COATED_OSMIUM,9994.0,26.0,,,,,10013.0,10.0,10015.0,26.0,,,10003.5,0.0,0.018184481950304737,-0.5,2.94038176084272,False
-2,35900,ASH_COATED_OSMIUM,9997.0,11.0,,,,,10013.0,11.0,10015.0,22.0,,,10005.0,0.0,0.01898148148148148,2.0,3.074254538754627,False
-2,36000,ASH_COATED_OSMIUM,10006.0,10.0,,,,,10013.0,12.0,10015.0,28.0,,,10009.5,0.0,0.02297233942803563,5.5,3.451847661281014,False
-2,36100,ASH_COATED_OSMIUM,9997.0,15.0,,,,,10013.0,15.0,10015.0,29.0,,,10005.0,0.0,0.02359353023909986,1.0,3.552082338024557,False
-2,36200,ASH_COATED_OSMIUM,9997.0,15.0,9994.0,28.0,,,10016.0,28.0,,,,,10006.5,0.0,0.025580168776371308,2.0,3.8364479545760024,False
-2,36300,ASH_COATED_OSMIUM,9997.0,10.0,,,,,10013.0,10.0,10015.0,25.0,,,10005.0,0.0,0.026593999062353494,1.0,4.01183463637796,False
-2,36400,ASH_COATED_OSMIUM,9994.0,30.0,,,,,10013.0,12.0,,,,,10003.5,0.0,0.025732536333802156,0.5,3.8506354313155047,False
-2,36500,ASH_COATED_OSMIUM,9994.0,24.0,,,,,10013.0,12.0,,,,,10003.5,0.0,0.02393342709798406,-0.5,3.5475283111664915,False
-2,36600,ASH_COATED_OSMIUM,9997.0,15.0,9994.0,29.0,,,10015.0,29.0,,,,,10006.0,0.0,0.02538677918424754,2.0,3.7624277022245813,False
-2,36700,ASH_COATED_OSMIUM,9996.0,14.0,9994.0,30.0,,,10012.0,14.0,10015.0,30.0,,,10004.0,0.0,0.024941397093295826,0.0,3.684809141785578,False
-2,36800,ASH_COATED_OSMIUM,9994.0,22.0,,,,,10012.0,14.0,10015.0,22.0,,,10003.0,0.0,0.02357008907641819,0.0,3.434114682877816,False
-2,36900,ASH_COATED_OSMIUM,9996.0,15.0,9994.0,22.0,,,10012.0,15.0,10015.0,22.0,,,10004.0,0.0,0.022198781059540554,1.0,3.221855580220998,False
-2,37000,ASH_COATED_OSMIUM,9996.0,12.0,9994.0,26.0,,,10012.0,12.0,10015.0,26.0,,,10004.0,0.0,0.020804031879981248,0.0,3.0092407879221494,False
-2,37100,ASH_COATED_OSMIUM,9994.0,20.0,,,,,10012.0,14.0,10015.0,20.0,,,10003.0,0.0,0.019409282700421943,0.0,2.7738599175885006,False
-2,37200,ASH_COATED_OSMIUM,9996.0,15.0,9994.0,27.0,,,10012.0,15.0,,,,,10004.0,0.0,0.018014533520862634,-2.0,2.5687095822318318,False
-2,37300,ASH_COATED_OSMIUM,9996.0,12.0,9994.0,21.0,,,10012.0,12.0,10015.0,21.0,,,10004.0,0.0,0.019444444444444445,-0.5,2.8189296171857228,False
-2,37400,ASH_COATED_OSMIUM,10002.0,5.0,9997.0,15.0,9994.0,30.0,10013.0,15.0,10015.0,30.0,,,10007.5,0.0,0.02273792780121894,2.0,3.2494196486386886,False
-2,37500,ASH_COATED_OSMIUM,9997.0,10.0,,,,,10013.0,10.0,10015.0,22.0,,,10005.0,0.0,0.02459563994374121,2.0,3.5671919411763007,False
-2,37600,ASH_COATED_OSMIUM,9997.0,13.0,9995.0,22.0,,,10013.0,13.0,10016.0,22.0,,,10005.0,0.0,0.024091654946085325,2.0,3.4944089671929914,False
-2,37700,ASH_COATED_OSMIUM,9997.0,10.0,9995.0,20.0,,,10013.0,10.0,,,,,10005.0,0.0,0.023540787623066103,2.5,3.4151083495627765,False
-2,37800,ASH_COATED_OSMIUM,9998.0,13.0,9995.0,20.0,,,10014.0,13.0,10016.0,20.0,,,10006.0,0.0,0.023394280356305672,3.0,3.396578635513954,False
-2,38000,ASH_COATED_OSMIUM,9997.0,14.0,9995.0,25.0,,,10016.0,25.0,,,,,10006.5,0.0,0.02410337552742616,4.0,3.4861942637535477,False
-2,38100,ASH_COATED_OSMIUM,9997.0,15.0,9995.0,26.0,,,10013.0,15.0,,,,,10005.0,0.0,0.02286685419596812,2.0,3.315899574895084,False
-2,38300,ASH_COATED_OSMIUM,9996.0,13.0,9994.0,20.0,,,10006.0,5.0,10012.0,13.0,10015.0,20.0,10001.0,0.0,0.018342709798406,-2.0,2.523213215776751,False
-2,38400,ASH_COATED_OSMIUM,9996.0,13.0,9993.0,24.0,,,10012.0,13.0,10014.0,24.0,,,10004.0,0.0,0.016643225503984997,3.0,2.2847346594237625,False
-2,38500,ASH_COATED_OSMIUM,9996.0,15.0,9993.0,21.0,,,10012.0,15.0,10014.0,21.0,,,10004.0,0.0,0.013021565869667136,0.0,1.8241094162580866,False
-2,38700,ASH_COATED_OSMIUM,9997.0,11.0,,,,,10015.0,30.0,,,,,10006.0,0.0,0.014029535864978904,3.0,1.9596158254607872,False
-2,38800,ASH_COATED_OSMIUM,9997.0,15.0,9994.0,22.0,,,10015.0,22.0,,,,,10006.0,0.0,0.014041256446319737,3.0,1.9611180314468097,False
-2,38900,ASH_COATED_OSMIUM,9994.0,21.0,,,,,10015.0,21.0,,,,,10004.5,0.0,0.012593764650726676,0.5,1.7624187395209763,False
-2,39000,ASH_COATED_OSMIUM,9996.0,12.0,9994.0,28.0,,,10012.0,12.0,10015.0,28.0,,,10004.0,0.0,0.011597515236755743,1.0,1.6181115033771638,False
-2,39100,ASH_COATED_OSMIUM,9996.0,13.0,9994.0,25.0,,,10012.0,13.0,10015.0,25.0,,,10004.0,0.0,0.009651898734177215,1.0,1.3478826134663777,False
-2,39400,ASH_COATED_OSMIUM,9996.0,11.0,9994.0,24.0,,,10012.0,11.0,10015.0,24.0,,,10004.0,0.0,0.007682841068917018,1.0,1.0749349070391025,False
-2,39500,ASH_COATED_OSMIUM,9997.0,13.0,9994.0,29.0,,,10013.0,13.0,10015.0,29.0,,,10005.0,0.0,0.006616268166901079,2.0,0.9301619025604826,False
-2,39600,ASH_COATED_OSMIUM,10002.0,5.0,9997.0,15.0,,,10013.0,15.0,,,,,10007.5,0.0,0.007817627754336615,3.5,1.083010862351834,False
-2,39700,ASH_COATED_OSMIUM,9997.0,11.0,9995.0,21.0,,,10013.0,11.0,10016.0,21.0,,,10005.0,0.0,0.0075480543834974215,2.0,1.0459999245542266,False
-2,39800,ASH_COATED_OSMIUM,9995.0,24.0,,,,,10013.0,14.0,,,,,10004.0,0.0,0.005379746835443038,1.0,0.7479325939254121,False
-2,39900,ASH_COATED_OSMIUM,9997.0,12.0,9995.0,23.0,,,10013.0,12.0,,,,,10005.0,0.0,0.004113924050632912,1.0,0.575616985026008,False
-2,40000,ASH_COATED_OSMIUM,9997.0,12.0,9995.0,27.0,,,10013.0,12.0,10016.0,27.0,,,10005.0,0.0,0.003750586029067042,2.0,0.5251895272305587,False
-2,40100,ASH_COATED_OSMIUM,9997.0,11.0,9995.0,26.0,,,10013.0,11.0,10016.0,26.0,,,10005.0,0.0,0.002414439756211908,2.0,0.3406075411213803,False
-2,40200,ASH_COATED_OSMIUM,9998.0,12.0,9995.0,27.0,,,10014.0,12.0,10016.0,27.0,,,10006.0,0.0,0.0019573370839193623,2.0,0.2772678891518132,False
-2,40300,ASH_COATED_OSMIUM,10003.0,3.0,9997.0,11.0,9995.0,28.0,10013.0,11.0,10016.0,28.0,,,10008.0,0.0,0.004231129864041256,3.0,0.5835655606296101,False
-2,40400,ASH_COATED_OSMIUM,9997.0,10.0,9994.0,30.0,,,10013.0,10.0,10015.0,30.0,,,10005.0,0.0,0.004582747304266292,2.0,0.6323003064232989,False
-2,40500,ASH_COATED_OSMIUM,9997.0,14.0,9994.0,29.0,,,10013.0,14.0,,,,,10005.0,0.0,0.0030356305672761368,2.0,0.4222304096816757,False
-2,40600,ASH_COATED_OSMIUM,9997.0,15.0,,,,,10015.0,29.0,,,,,10006.0,0.0,0.00236755743084857,2.0,0.33122254980756494,False
-2,40700,ASH_COATED_OSMIUM,9996.0,13.0,9994.0,24.0,,,10012.0,13.0,10015.0,24.0,,,10004.0,0.0,0.0007266760431317394,1.0,0.1015976689145748,False
-2,40800,ASH_COATED_OSMIUM,9996.0,10.0,9993.0,24.0,,,10012.0,10.0,10014.0,24.0,,,10004.0,0.0,-0.0018635724331926863,-4.0,-0.2627876618466871,False
-2,40900,ASH_COATED_OSMIUM,9996.0,14.0,,,,,10013.0,14.0,10015.0,23.0,,,10004.5,0.0,0.0007325363338021566,0.5,0.10638225758229049,False
-2,41000,ASH_COATED_OSMIUM,9997.0,13.0,9994.0,24.0,,,10002.0,6.0,10013.0,13.0,10015.0,24.0,9999.5,0.0,-0.005016408813877168,-4.5,-0.674018008938144,False
-2,41100,ASH_COATED_OSMIUM,10002.0,4.0,9996.0,14.0,9994.0,26.0,10012.0,14.0,10015.0,26.0,,,10007.0,0.0,-0.003715424285044538,-1.5,-0.49303747672571085,False
-2,41200,ASH_COATED_OSMIUM,9996.0,12.0,,,,,10002.0,10.0,10012.0,12.0,10015.0,25.0,9999.0,0.0,-0.005620018752930145,-5.0,-0.7116836522854811,False
-2,41300,ASH_COATED_OSMIUM,9996.0,10.0,9994.0,28.0,,,10012.0,10.0,,,,,10004.0,0.0,-0.006944444444444444,-1.5,-0.8809087133151026,False
-2,41400,ASH_COATED_OSMIUM,9996.0,13.0,,,,,10012.0,13.0,10015.0,30.0,,,10004.0,0.0,-0.006844819503047351,-1.0,-0.868482840312734,False
-2,41500,ASH_COATED_OSMIUM,9996.0,13.0,9994.0,21.0,,,10012.0,13.0,10015.0,21.0,,,10004.0,0.0,-0.007184716361931551,-0.5,-0.9112589628311344,False
-2,41600,ASH_COATED_OSMIUM,9996.0,12.0,,,,,10012.0,12.0,10015.0,23.0,,,10004.0,0.0,-0.007975855602437881,-1.0,-1.0118211513028876,False
-2,41700,ASH_COATED_OSMIUM,9996.0,12.0,,,,,10012.0,12.0,10015.0,28.0,,,10004.0,0.0,-0.008280590717299578,-1.5,-1.0501913709189703,False
-2,41900,ASH_COATED_OSMIUM,9996.0,14.0,,,,,10012.0,14.0,10014.0,30.0,,,10004.0,0.0,-0.00808720112517581,-1.0,-1.0260970701977257,False
-2,42000,ASH_COATED_OSMIUM,9996.0,11.0,9994.0,20.0,,,10006.0,4.0,10012.0,11.0,,,10001.0,0.0,-0.011111111111111112,-7.0,-1.37551227026233,False
-2,42100,ASH_COATED_OSMIUM,10002.0,5.0,9997.0,10.0,9994.0,20.0,10015.0,20.0,,,,,10008.5,0.0,-0.004248710736052508,0.5,-0.5163648371433787,False
-2,42300,ASH_COATED_OSMIUM,9997.0,13.0,9994.0,24.0,,,10013.0,13.0,10015.0,24.0,,,10005.0,0.0,-0.0006387716830754805,1.5,-0.07956288454661914,False
-2,42400,ASH_COATED_OSMIUM,9996.0,14.0,9994.0,25.0,,,10012.0,14.0,10015.0,25.0,,,10004.0,0.0,-0.002156586966713549,0.0,-0.269238310127059,False
-2,42500,ASH_COATED_OSMIUM,9994.0,22.0,,,,,10006.0,5.0,10012.0,14.0,10015.0,22.0,10000.0,0.0,-0.006915142991092358,-4.0,-0.8282548984945616,False
-2,42600,ASH_COATED_OSMIUM,9996.0,13.0,,,,,10012.0,13.0,,,,,10004.0,0.0,-0.007876230661040788,-1.0,-0.9446039726337861,False
-2,42700,ASH_COATED_OSMIUM,9995.0,10.0,,,,,10011.0,10.0,10014.0,23.0,,,10003.0,0.0,-0.008813877168307548,-1.0,-1.0540258836503305,False
-2,42800,ASH_COATED_OSMIUM,9995.0,11.0,9993.0,25.0,,,10011.0,11.0,,,,,10003.0,0.0,-0.010654008438818566,-1.0,-1.272894482953495,False
-2,42900,ASH_COATED_OSMIUM,9995.0,15.0,,,,,10011.0,15.0,10014.0,26.0,,,10003.0,0.0,-0.012470698546647913,0.0,-1.4894804480214383,False
-2,43000,ASH_COATED_OSMIUM,9995.0,10.0,9992.0,21.0,,,10011.0,10.0,10013.0,21.0,,,10003.0,0.0,-0.015213314580403188,-1.0,-1.829803195849953,False
-2,43100,ASH_COATED_OSMIUM,9995.0,10.0,,,,,10011.0,10.0,,,,,10003.0,0.0,-0.01700656352555087,-1.0,-2.047949074659801,False
-2,43300,ASH_COATED_OSMIUM,9995.0,13.0,9992.0,23.0,,,10011.0,13.0,10013.0,23.0,,,10003.0,0.0,-0.018776371308016876,-2.5,-2.2650930266099616,False
-2,43400,ASH_COATED_OSMIUM,9995.0,14.0,,,,,10011.0,14.0,10014.0,28.0,,,10003.0,0.0,-0.019098687294889827,-2.0,-2.3022716802264003,False
-2,43500,ASH_COATED_OSMIUM,9995.0,11.0,9993.0,22.0,,,10011.0,11.0,10014.0,22.0,,,10003.0,0.0,-0.0198370839193624,-2.5,-2.3894647672729863,False
-2,43600,ASH_COATED_OSMIUM,9993.0,20.0,,,,,10001.0,8.0,10011.0,11.0,,,9997.0,0.0,-0.025609470229723395,-6.0,-2.8405173295758,False
-2,43700,ASH_COATED_OSMIUM,9995.0,11.0,9993.0,29.0,,,10011.0,11.0,10014.0,29.0,,,10003.0,0.0,-0.028000468823253633,-1.5,-3.1375978166663803,False
-2,44100,ASH_COATED_OSMIUM,9996.0,13.0,9993.0,30.0,,,10012.0,13.0,10014.0,30.0,,,10004.0,0.0,-0.028041490857946553,-1.0,-3.142646395347129,False
-2,44200,ASH_COATED_OSMIUM,9995.0,12.0,,,,,10014.0,26.0,,,,,10004.5,0.0,-0.02713314580403188,-0.5,-3.031400890188903,False
-2,44300,ASH_COATED_OSMIUM,9993.0,27.0,,,,,10012.0,14.0,10014.0,27.0,,,10002.5,0.0,-0.028064932020628222,-2.5,-3.133797429928774,False
-2,44400,ASH_COATED_OSMIUM,9995.0,13.0,9993.0,21.0,,,10014.0,21.0,,,,,10004.5,0.0,-0.02708626347866854,-0.5,-3.014476690377773,False
-2,44500,ASH_COATED_OSMIUM,9995.0,11.0,,,,,10011.0,11.0,10013.0,27.0,,,10003.0,0.0,-0.027484763244256916,-2.0,-3.0592688906237826,False
-2,44600,ASH_COATED_OSMIUM,9995.0,14.0,9992.0,26.0,,,10011.0,14.0,10013.0,26.0,,,10003.0,0.0,-0.02783638068448195,1.5,-3.098867167125355,False
-2,44700,ASH_COATED_OSMIUM,9995.0,12.0,9992.0,27.0,,,10011.0,12.0,10013.0,27.0,,,10003.0,0.0,-0.03146390060947023,-2.0,-3.6046983300601183,False
-2,44800,ASH_COATED_OSMIUM,9992.0,23.0,,,,,10013.0,23.0,,,,,10002.5,0.0,-0.03226676043131739,-1.0,-3.6969862476390576,False
-2,45000,ASH_COATED_OSMIUM,9995.0,10.0,,,,,10004.0,5.0,10011.0,10.0,10013.0,23.0,9999.5,0.0,-0.03721284575714955,-5.5,-4.210535705130959,False
-2,45100,ASH_COATED_OSMIUM,9995.0,13.0,9992.0,25.0,,,10011.0,13.0,10013.0,25.0,,,10003.0,0.0,-0.03740037505860291,-6.5,-4.233358022930059,False
-2,45200,ASH_COATED_OSMIUM,9995.0,12.0,9992.0,24.0,,,10011.0,12.0,10013.0,24.0,,,10003.0,0.0,-0.03326887013595874,-2.0,-3.888834998404135,False
-2,45300,ASH_COATED_OSMIUM,9995.0,10.0,9992.0,29.0,,,10011.0,10.0,10013.0,29.0,,,10003.0,0.0,-0.03325714955461791,-3.5,-3.887399017246158,False
-2,45400,ASH_COATED_OSMIUM,9995.0,11.0,9992.0,24.0,,,10011.0,11.0,,,,,10003.0,0.0,-0.031774496015002346,-2.0,-3.7249770608702772,False
-2,45500,ASH_COATED_OSMIUM,9995.0,10.0,,,,,10014.0,28.0,,,,,10004.5,0.0,-0.030244960150023443,1.0,-3.5222420984904588,False
-2,45600,ASH_COATED_OSMIUM,9995.0,12.0,9992.0,27.0,,,10011.0,12.0,10013.0,27.0,,,10003.0,0.0,-0.03151664322550399,-0.5,-3.6904929656832435,False
-2,45700,ASH_COATED_OSMIUM,9995.0,12.0,9992.0,21.0,,,10011.0,12.0,10013.0,21.0,,,10003.0,0.0,-0.03277660571964369,-3.0,-3.8602357976047132,False
-2,45800,ASH_COATED_OSMIUM,9992.0,20.0,,,,,10011.0,13.0,10013.0,20.0,,,10001.5,0.0,-0.03304031879981247,-2.5,-3.887041837138067,False
-2,45900,ASH_COATED_OSMIUM,9996.0,11.0,9993.0,26.0,,,10014.0,26.0,,,,,10005.0,0.0,-0.03185654008438819,2.0,-3.7128844953154823,False
-2,46000,ASH_COATED_OSMIUM,9996.0,15.0,9994.0,26.0,,,10015.0,26.0,,,,,10005.5,0.0,-0.031182606657290203,1.5,-3.6078551750848735,False
-2,46100,ASH_COATED_OSMIUM,10005.0,10.0,9996.0,10.0,9993.0,23.0,10014.0,23.0,,,,,10009.5,0.0,-0.025914205344585092,5.5,-2.7649026430403394,False
-2,46200,ASH_COATED_OSMIUM,9997.0,11.0,9994.0,20.0,,,10013.0,11.0,,,,,10005.0,0.0,-0.024941397093295826,2.0,-2.6468943948328305,False
-2,46300,ASH_COATED_OSMIUM,9996.0,10.0,9994.0,23.0,,,10012.0,10.0,10015.0,23.0,,,10004.0,0.0,-0.025867323019221754,0.0,-2.7591758756257163,False
-2,46400,ASH_COATED_OSMIUM,9997.0,11.0,9994.0,26.0,,,10013.0,11.0,10015.0,26.0,,,10005.0,0.0,-0.024941397093295826,1.0,-2.6468943948327732,False
-2,46500,ASH_COATED_OSMIUM,9997.0,12.0,9994.0,24.0,,,10013.0,12.0,10015.0,24.0,,,10005.0,0.0,-0.024038912330051572,-2.5,-2.5389099655747547,False
-2,46600,ASH_COATED_OSMIUM,9997.0,10.0,9994.0,21.0,,,10013.0,10.0,10015.0,21.0,,,10005.0,0.0,-0.0198370839193624,0.0,-2.106949782103953,False
-2,46700,ASH_COATED_OSMIUM,9994.0,27.0,,,,,10006.0,2.0,10012.0,13.0,10015.0,27.0,10000.0,0.0,-0.022579699953117673,-5.0,-2.3599091048761074,False
-2,46800,ASH_COATED_OSMIUM,9996.0,10.0,9994.0,30.0,,,10012.0,10.0,10015.0,30.0,,,10004.0,0.0,-0.0215014064697609,-1.0,-2.2439811019449447,False
-2,46900,ASH_COATED_OSMIUM,9996.0,10.0,9994.0,30.0,,,10012.0,10.0,10015.0,30.0,,,10004.0,0.0,-0.020399671823722456,-2.0,-2.1262367489845153,False
-2,47000,ASH_COATED_OSMIUM,9996.0,11.0,,,,,10012.0,11.0,,,,,10004.0,0.0,-0.01832512892639475,-2.5,-1.9131281519957783,False
-2,47100,ASH_COATED_OSMIUM,9996.0,15.0,9994.0,26.0,,,10012.0,15.0,,,,,10004.0,0.0,-0.015729020159399906,-1.0,-1.6506351738337621,False
-2,47300,ASH_COATED_OSMIUM,9996.0,14.0,9993.0,29.0,,,10012.0,14.0,10014.0,29.0,,,10004.0,0.0,-0.014498359118612284,3.0,-1.5207966073849992,False
-2,47400,ASH_COATED_OSMIUM,9996.0,11.0,,,,,10012.0,11.0,,,,,10004.0,0.0,-0.01704172526957337,0.0,-1.8227570629382712,False
-2,47500,ASH_COATED_OSMIUM,9996.0,10.0,9994.0,26.0,,,10012.0,10.0,,,,,10004.0,0.0,-0.016807313642756682,0.0,-1.796639631515344,False
-2,47600,ASH_COATED_OSMIUM,9997.0,10.0,9994.0,26.0,,,10013.0,10.0,10015.0,26.0,,,10005.0,0.0,-0.015646976090014066,-1.0,-1.6644954693307243,False
-2,47700,ASH_COATED_OSMIUM,9995.0,22.0,,,,,10014.0,14.0,10016.0,22.0,,,10004.5,0.0,-0.01307430848570089,-1.5,-1.3931041976213785,False
-2,47800,ASH_COATED_OSMIUM,9998.0,15.0,,,,,10014.0,15.0,,,,,10006.0,0.0,-0.009077590248476325,1.5,-0.9610698734275706,False
-2,47900,ASH_COATED_OSMIUM,9998.0,14.0,9995.0,24.0,,,10014.0,14.0,10016.0,24.0,,,10006.0,0.0,-0.0065049226441631506,2.0,-0.68203441640446,False
-2,48000,ASH_COATED_OSMIUM,9998.0,13.0,9995.0,28.0,,,10014.0,13.0,10016.0,28.0,,,10006.0,0.0,-0.004442100328176278,2.0,-0.46167727630367117,False
-2,48100,ASH_COATED_OSMIUM,9996.0,22.0,,,,,10014.0,15.0,10017.0,22.0,,,10005.0,0.0,-0.0033520862634786684,1.0,-0.34753057791929476,False
-2,48300,ASH_COATED_OSMIUM,9996.0,26.0,,,,,10014.0,14.0,,,,,10005.0,0.0,-0.0022855133614627285,0.0,-0.236420957484014,False
-2,48400,ASH_COATED_OSMIUM,9996.0,28.0,,,,,10014.0,10.0,10017.0,28.0,,,10005.0,0.0,-0.00029301453352086266,-2.5,-0.030299703090189027,False
-2,48500,ASH_COATED_OSMIUM,9998.0,12.0,9996.0,25.0,,,10014.0,12.0,10017.0,25.0,,,10006.0,0.0,0.004998827941865917,1.0,0.5250129570212524,False
-2,48600,ASH_COATED_OSMIUM,9998.0,10.0,9996.0,22.0,,,10014.0,10.0,10017.0,22.0,,,10006.0,0.0,0.007952414439756212,2.0,0.8331261036349842,False
-2,48700,ASH_COATED_OSMIUM,9998.0,11.0,9996.0,21.0,,,10014.0,11.0,10017.0,21.0,,,10006.0,0.0,0.009933192686357244,1.0,1.0360139206169463,False
-2,48800,ASH_COATED_OSMIUM,9998.0,12.0,9996.0,24.0,,,10017.0,24.0,,,,,10007.5,0.0,0.01420534458509142,2.5,1.4649447646759646,False
-2,48900,ASH_COATED_OSMIUM,9999.0,14.0,9996.0,27.0,,,10015.0,14.0,,,,,10007.0,0.0,0.017955930614158462,2.0,1.8433401409999546,False
-2,49000,ASH_COATED_OSMIUM,9998.0,13.0,9996.0,20.0,,,10014.0,13.0,10017.0,20.0,,,10006.0,0.0,0.02073370839193624,0.0,2.1339936175198098,False
-2,49100,ASH_COATED_OSMIUM,9996.0,27.0,,,,,10017.0,27.0,,,,,10006.5,0.0,0.024900375058602906,-1.5,2.5872130002897475,False
-2,49200,ASH_COATED_OSMIUM,9998.0,10.0,9995.0,29.0,,,10014.0,10.0,10016.0,29.0,,,10006.0,0.0,0.030491092358180965,1.0,3.305763890744679,False
-2,49300,ASH_COATED_OSMIUM,9997.0,15.0,9995.0,22.0,,,10013.0,15.0,10016.0,22.0,,,10005.0,0.0,0.03235466479137365,0.0,3.539178393478024,False
-2,49400,ASH_COATED_OSMIUM,9997.0,13.0,9994.0,21.0,,,10013.0,13.0,10016.0,21.0,,,10005.0,0.0,0.034218237224566336,-1.0,3.7791638473672027,False
-2,49500,ASH_COATED_OSMIUM,9998.0,12.0,9995.0,29.0,,,10007.0,3.0,10014.0,12.0,10016.0,29.0,10002.5,0.0,0.0347163619315518,-1.5,3.8577550973776376,False
-2,49600,ASH_COATED_OSMIUM,9998.0,14.0,9996.0,29.0,,,10014.0,14.0,10017.0,29.0,,,10006.0,0.0,0.03663853727144866,2.0,4.084644424153951,False
-2,49700,ASH_COATED_OSMIUM,9998.0,11.0,9996.0,27.0,,,10017.0,27.0,,,,,10007.5,0.0,0.03990271917487107,3.0,4.435927117390548,False
-2,49800,ASH_COATED_OSMIUM,9998.0,15.0,9996.0,24.0,,,10017.0,24.0,,,,,10007.5,0.0,0.04355954055321144,8.0,4.854365648293342,False
-2,50000,ASH_COATED_OSMIUM,10008.0,3.0,9998.0,10.0,,,10014.0,10.0,10017.0,27.0,,,10011.0,0.0,0.04563994374120956,4.0,4.9269663251494205,False
-2,50100,ASH_COATED_OSMIUM,9999.0,11.0,9996.0,30.0,,,10017.0,30.0,,,,,10008.0,0.0,0.05179324894514768,9.0,5.787244518666477,False
-2,50200,ASH_COATED_OSMIUM,9996.0,29.0,,,,,10015.0,14.0,10017.0,29.0,,,10005.5,0.0,0.048013361462728554,1.5,5.469628860901245,False
-2,50300,ASH_COATED_OSMIUM,9999.0,13.0,9997.0,20.0,,,10015.0,13.0,,,,,10007.0,0.0,0.05021683075480544,3.0,5.745162032413542,False
-2,50400,ASH_COATED_OSMIUM,9999.0,13.0,9997.0,21.0,,,10015.0,13.0,,,,,10007.0,0.0,0.052349976558837316,3.0,6.0189795931310375,False
-2,50500,ASH_COATED_OSMIUM,10005.0,2.0,10000.0,12.0,9997.0,26.0,10018.0,26.0,,,,,10011.5,0.0,0.058579465541490856,7.5,6.478446138420732,True
-2,50600,ASH_COATED_OSMIUM,9999.0,15.0,9997.0,22.0,,,10015.0,15.0,10018.0,22.0,,,10007.0,0.0,0.06046647913736521,3.0,6.731142198811006,True
-2,50700,ASH_COATED_OSMIUM,9999.0,10.0,,,,,10015.0,10.0,10018.0,26.0,,,10007.0,0.0,0.06228316924519456,3.0,6.981653190392007,True
-2,50800,ASH_COATED_OSMIUM,9999.0,13.0,9997.0,30.0,,,10015.0,13.0,,,,,10007.0,0.0,0.0640295358649789,6.0,7.229786331475387,True
-2,50900,ASH_COATED_OSMIUM,9997.0,24.0,,,,,10018.0,24.0,,,,,10007.5,0.0,0.06332044069385842,-1.0,7.16432884557825,False
-2,51000,ASH_COATED_OSMIUM,9999.0,10.0,,,,,10015.0,10.0,10018.0,25.0,,,10007.0,0.0,0.06911626816690108,2.0,8.540803825603302,False
-2,51100,ASH_COATED_OSMIUM,10005.0,5.0,10000.0,11.0,9997.0,30.0,10018.0,30.0,,,,,10011.5,0.0,0.07579113924050633,7.5,9.259797201097564,True
-2,51200,ASH_COATED_OSMIUM,10000.0,12.0,9998.0,27.0,,,10016.0,12.0,,,,,10008.0,0.0,0.0781235349273324,8.0,9.66171929543643,True
-2,51300,ASH_COATED_OSMIUM,9998.0,26.0,,,,,10016.0,11.0,,,,,10007.0,0.0,0.07563877168307548,3.0,9.403199988520202,True
-2,51400,ASH_COATED_OSMIUM,10000.0,15.0,9997.0,20.0,,,10018.0,20.0,,,,,10009.0,0.0,0.07863924050632912,6.0,9.862419187108808,True
-2,51500,ASH_COATED_OSMIUM,10000.0,13.0,,,,,10016.0,13.0,,,,,10008.0,0.0,0.07964721050164088,5.0,10.022795037676804,True
-2,51600,ASH_COATED_OSMIUM,9997.0,30.0,,,,,10018.0,30.0,,,,,10007.5,0.0,0.08007501172058135,4.5,10.09735733282495,True
-2,51800,ASH_COATED_OSMIUM,9997.0,21.0,,,,,10016.0,11.0,10018.0,21.0,,,10006.5,0.0,0.07947140178152837,3.5,9.977115194231533,True
-2,51900,ASH_COATED_OSMIUM,9997.0,23.0,,,,,10018.0,23.0,,,,,10007.5,0.0,0.07971167369901547,4.5,10.018639837363864,True
-2,52000,ASH_COATED_OSMIUM,10000.0,10.0,9997.0,22.0,,,10016.0,10.0,10018.0,22.0,,,10008.0,0.0,0.08030942334739803,5.0,10.115233796767168,True
-2,52100,ASH_COATED_OSMIUM,9999.0,15.0,9997.0,23.0,,,10015.0,15.0,10018.0,23.0,,,10007.0,0.0,0.07986404125644632,4.0,10.031832758815947,True
-2,52200,ASH_COATED_OSMIUM,10000.0,11.0,9997.0,24.0,,,10016.0,11.0,10018.0,24.0,,,10008.0,0.0,0.08025082044069386,5.0,10.09429255254729,True
-2,52300,ASH_COATED_OSMIUM,9999.0,15.0,9997.0,28.0,,,10018.0,28.0,,,,,10008.5,0.0,0.08098335677449602,11.5,10.204443725939608,True
-2,52400,ASH_COATED_OSMIUM,9999.0,13.0,9996.0,20.0,,,10015.0,13.0,,,,,10007.0,0.0,0.07450187529301454,4.0,10.034189590558292,True
-2,52500,ASH_COATED_OSMIUM,9996.0,30.0,,,,,10017.0,30.0,,,,,10006.5,0.0,0.07301922175339896,2.5,9.73428740375064,False
-2,52600,ASH_COATED_OSMIUM,9999.0,13.0,9996.0,24.0,,,10015.0,13.0,10017.0,24.0,,,10007.0,0.0,0.07286685419596813,2.5,9.702044574146992,False
-2,52700,ASH_COATED_OSMIUM,9999.0,13.0,9996.0,20.0,,,10017.0,20.0,,,,,10008.0,0.0,0.07404477262072198,5.5,9.938236723245632,True
-2,52800,ASH_COATED_OSMIUM,9996.0,22.0,,,,,10015.0,10.0,10017.0,22.0,,,10005.5,0.0,0.07092709798406001,1.0,9.288661785213627,False
-2,52900,ASH_COATED_OSMIUM,10009.0,9.0,9999.0,13.0,9996.0,25.0,10015.0,13.0,10018.0,25.0,,,10012.0,0.0,0.07565635255508674,9.0,9.703721685334685,True
-2,53000,ASH_COATED_OSMIUM,9999.0,10.0,9997.0,21.0,,,10015.0,10.0,,,,,10007.0,0.0,0.07415611814345992,4.0,9.437220800848955,True
-2,53100,ASH_COATED_OSMIUM,9999.0,13.0,9997.0,22.0,,,10018.0,22.0,,,,,10008.5,0.0,0.0739510079699953,5.5,9.408993217080697,True
-2,53300,ASH_COATED_OSMIUM,9996.0,23.0,,,,,10015.0,12.0,,,,,10005.5,0.0,0.07083919362400375,3.0,8.782709295654358,True
-2,53400,ASH_COATED_OSMIUM,9999.0,15.0,9996.0,27.0,,,10015.0,15.0,10017.0,27.0,,,10007.0,0.0,0.06858298171589311,7.5,8.45254277405629,True
-2,53500,ASH_COATED_OSMIUM,9996.0,21.0,,,,,10015.0,12.0,10017.0,21.0,,,10005.5,0.0,0.06198429442100328,2.5,7.736489578273915,False
-2,53600,ASH_COATED_OSMIUM,9999.0,12.0,,,,,10018.0,25.0,,,,,10008.5,0.0,0.0613455227379278,5.5,7.663692472658644,True
-2,53800,ASH_COATED_OSMIUM,9999.0,10.0,,,,,10017.0,24.0,,,,,10008.0,0.0,0.06011486169714018,5.0,7.513225000277321,True
-2,53900,ASH_COATED_OSMIUM,9999.0,11.0,9996.0,30.0,,,10015.0,11.0,10017.0,30.0,,,10007.0,0.0,0.05784106891701828,4.0,7.199670571108718,True
-2,54000,ASH_COATED_OSMIUM,9999.0,13.0,9996.0,30.0,,,10015.0,13.0,10017.0,30.0,,,10007.0,0.0,0.05547351148616971,2.5,6.883455681066097,False
-2,54100,ASH_COATED_OSMIUM,9999.0,15.0,9996.0,26.0,,,10017.0,26.0,,,,,10008.0,0.0,0.055362165963431784,5.0,6.867878249288484,False
-2,54200,ASH_COATED_OSMIUM,9999.0,12.0,9996.0,28.0,,,10015.0,12.0,10017.0,28.0,,,10007.0,0.0,0.0528187998124707,4.0,6.538956193509728,False
-2,54300,ASH_COATED_OSMIUM,9999.0,14.0,9996.0,22.0,,,10015.0,14.0,10017.0,22.0,,,10007.0,0.0,0.050181669010782935,5.5,6.207656097998328,False
-2,54400,ASH_COATED_OSMIUM,9996.0,29.0,,,,,10014.0,11.0,10017.0,29.0,,,10005.0,0.0,0.04417487107360525,0.0,5.44264878607845,False
-2,54500,ASH_COATED_OSMIUM,9999.0,15.0,9996.0,22.0,,,10015.0,15.0,,,,,10007.0,0.0,0.04326066572902016,1.5,5.312350433356366,False
-2,54600,ASH_COATED_OSMIUM,9998.0,15.0,,,,,10014.0,15.0,10017.0,24.0,,,10006.0,0.0,0.041848335677449604,-3.5,5.088723147901037,False
-2,54700,ASH_COATED_OSMIUM,9999.0,11.0,9996.0,24.0,,,10015.0,11.0,10017.0,24.0,,,10007.0,0.0,0.04514767932489452,2.0,5.766108242926513,False
-2,54800,ASH_COATED_OSMIUM,9999.0,14.0,9996.0,29.0,,,10017.0,29.0,,,,,10008.0,0.0,0.04515939990623535,4.0,5.767713353789781,False
-2,54900,ASH_COATED_OSMIUM,9996.0,24.0,,,,,10014.0,13.0,,,,,10005.0,0.0,0.041373652133145804,0.0,5.160007152319574,False
-2,55000,ASH_COATED_OSMIUM,9998.0,11.0,9996.0,23.0,,,10014.0,11.0,10017.0,23.0,,,10006.0,0.0,0.03943975621190811,1.0,4.866719393807064,False
-2,55100,ASH_COATED_OSMIUM,9999.0,15.0,9996.0,21.0,,,10015.0,15.0,10017.0,21.0,,,10007.0,0.0,0.038408345053914675,2.0,4.726215469381476,False
-2,55200,ASH_COATED_OSMIUM,10005.0,3.0,9999.0,12.0,9997.0,20.0,10018.0,20.0,,,,,10011.5,0.0,0.04149671823722457,11.5,4.98432895656412,False
-2,55300,ASH_COATED_OSMIUM,9999.0,10.0,9997.0,29.0,,,10015.0,10.0,10018.0,29.0,,,10007.0,0.0,0.03551922175339897,3.0,4.518095021697433,False
-2,55400,ASH_COATED_OSMIUM,9999.0,15.0,9997.0,27.0,,,10015.0,15.0,10018.0,27.0,,,10007.0,0.0,0.033175105485232066,3.0,4.22640459705392,False
-2,55500,ASH_COATED_OSMIUM,9998.0,12.0,9996.0,29.0,,,10014.0,12.0,10017.0,29.0,,,10006.0,0.0,0.029834739803094232,2.0,3.7837835120877363,False
-2,55600,ASH_COATED_OSMIUM,9998.0,13.0,9996.0,29.0,,,10014.0,13.0,10017.0,29.0,,,10006.0,0.0,0.02644749179559306,2.0,3.346861511968299,False
-2,55900,ASH_COATED_OSMIUM,9995.0,26.0,,,,,10013.0,14.0,10016.0,26.0,,,10004.0,0.0,0.0211615096108767,0.0,2.611322099860592,False
-2,56000,ASH_COATED_OSMIUM,9997.0,15.0,9994.0,29.0,,,10013.0,15.0,10015.0,29.0,,,10005.0,0.0,0.016801453352086264,1.0,2.061948377201111,False
-2,56100,ASH_COATED_OSMIUM,9997.0,15.0,9995.0,22.0,,,10013.0,15.0,10016.0,22.0,,,10005.0,0.0,0.012417955930614158,1.0,1.5212721394117845,False
-2,56300,ASH_COATED_OSMIUM,9995.0,29.0,,,,,10014.0,11.0,10016.0,29.0,,,10004.5,0.0,0.0075480543834974215,-0.5,0.9214632554093787,False
-2,56400,ASH_COATED_OSMIUM,9997.0,12.0,,,,,10013.0,12.0,10016.0,24.0,,,10005.0,0.0,0.004078762306610408,0.5,0.4960257599509721,False
-2,56500,ASH_COATED_OSMIUM,10002.0,4.0,9994.0,20.0,,,10013.0,10.0,10015.0,20.0,,,10007.5,0.0,0.0024496015002344117,1.5,0.30110185524279753,False
-2,56600,ASH_COATED_OSMIUM,9997.0,11.0,9994.0,26.0,,,10013.0,11.0,10015.0,26.0,,,10005.0,0.0,-0.00014064697609001407,-1.0,-0.017170906097705878,False
-2,56700,ASH_COATED_OSMIUM,9997.0,13.0,,,,,10015.0,20.0,,,,,10006.0,0.0,-0.0017815283638068448,0.0,-0.21756371661554041,False
-2,56800,ASH_COATED_OSMIUM,9997.0,13.0,,,,,10013.0,13.0,10016.0,23.0,,,10005.0,0.0,-0.004348335677449602,0.0,-0.5285852378508148,False
-2,56900,ASH_COATED_OSMIUM,9997.0,12.0,9995.0,20.0,,,10016.0,20.0,,,,,10006.5,0.0,-0.006452180028129396,1.5,-0.7919896765888456,False
-2,57000,ASH_COATED_OSMIUM,9998.0,15.0,9995.0,30.0,,,10014.0,15.0,10016.0,30.0,,,10006.0,0.0,-0.009054149085794655,1.0,-1.122864132921334,False
-2,57100,ASH_COATED_OSMIUM,9997.0,14.0,9995.0,24.0,,,10013.0,14.0,10016.0,24.0,,,10005.0,0.0,-0.01260548523206751,-1.0,-1.5752805093760656,False
-2,57200,ASH_COATED_OSMIUM,9995.0,24.0,,,,,10014.0,10.0,10016.0,24.0,,,10004.5,0.0,-0.015670417252695735,-1.5,-1.9527795503414296,False
-2,57300,ASH_COATED_OSMIUM,9998.0,12.0,9995.0,21.0,,,10014.0,12.0,10016.0,21.0,,,10006.0,0.0,-0.017311298640412566,0.0,-2.168975652540067,False
-2,57400,ASH_COATED_OSMIUM,9998.0,15.0,9995.0,23.0,,,10014.0,15.0,10016.0,23.0,,,10006.0,0.0,-0.018952180028129394,-1.5,-2.388913341055784,False
-2,57500,ASH_COATED_OSMIUM,9998.0,13.0,9995.0,23.0,,,10016.0,23.0,,,,,10007.0,0.0,-0.018243084857008908,0.0,-2.295441925479366,False
-2,57600,ASH_COATED_OSMIUM,9998.0,13.0,9996.0,30.0,,,10014.0,13.0,,,,,10006.0,0.0,-0.01892287857477731,0.0,-2.382978141204614,False
-2,57700,ASH_COATED_OSMIUM,9998.0,14.0,9995.0,25.0,,,10014.0,14.0,,,,,10006.0,0.0,-0.020528598218471635,-0.5,-2.60199883958717,False
-2,57800,ASH_COATED_OSMIUM,9997.0,15.0,9995.0,29.0,,,10013.0,15.0,10016.0,29.0,,,10005.0,0.0,-0.02258556024378809,-1.0,-2.8661293202198426,False
-2,57900,ASH_COATED_OSMIUM,9997.0,15.0,9995.0,28.0,,,10013.0,15.0,,,,,10005.0,0.0,-0.025082044069385842,0.0,-3.201693820554989,False
-2,58000,ASH_COATED_OSMIUM,9997.0,10.0,9995.0,22.0,,,10013.0,10.0,,,,,10005.0,0.0,-0.028504453820909516,0.0,-3.7103282340206842,False
-2,58100,ASH_COATED_OSMIUM,9995.0,27.0,,,,,10013.0,11.0,10016.0,27.0,,,10004.0,0.0,-0.03285278949835912,1.5,-4.351711173048548,False
-2,58300,ASH_COATED_OSMIUM,9997.0,10.0,,,,,10006.0,4.0,10013.0,10.0,10015.0,22.0,10001.5,0.0,-0.041865916549460855,-4.5,-5.848185667251556,False
-2,58400,ASH_COATED_OSMIUM,9997.0,14.0,9994.0,28.0,,,10013.0,14.0,10015.0,28.0,,,10005.0,0.0,-0.044292076887013594,-2.5,-6.305221418521432,False
-2,58500,ASH_COATED_OSMIUM,9994.0,21.0,,,,,10006.0,3.0,10012.0,12.0,,,10000.0,0.0,-0.049900375058602904,-7.5,-6.664953801498203,False
-2,58600,ASH_COATED_OSMIUM,9996.0,11.0,9994.0,29.0,,,10015.0,29.0,,,,,10005.5,0.0,-0.05024027191748711,-5.5,-6.723468646695016,False
-2,58800,ASH_COATED_OSMIUM,9997.0,14.0,,,,,10013.0,14.0,10016.0,21.0,,,10005.0,0.0,-0.04767346460384435,-3.0,-6.480201009771052,False
-2,59000,ASH_COATED_OSMIUM,9998.0,15.0,9995.0,22.0,,,10014.0,15.0,10016.0,22.0,,,10006.0,0.0,-0.04688818565400844,0.5,-6.347206482109492,False
-2,59100,ASH_COATED_OSMIUM,9998.0,12.0,9995.0,26.0,,,10014.0,12.0,,,,,10006.0,0.0,-0.04842944210032818,-1.0,-6.687687669644403,False
-2,59200,ASH_COATED_OSMIUM,9997.0,10.0,9995.0,24.0,,,10013.0,10.0,10016.0,24.0,,,10005.0,0.0,-0.04948429442100328,-2.0,-6.875966627112278,False
-2,59300,ASH_COATED_OSMIUM,9997.0,14.0,9994.0,23.0,,,10013.0,14.0,10015.0,23.0,,,10005.0,0.0,-0.05049226441631505,-6.5,-7.060183458141595,False
-2,59400,ASH_COATED_OSMIUM,9994.0,27.0,,,,,10013.0,11.0,10015.0,27.0,,,10003.5,0.0,-0.04857008907641819,-3.5,-6.962834430603902,False
-2,59500,ASH_COATED_OSMIUM,9997.0,14.0,,,,,10013.0,14.0,10015.0,26.0,,,10005.0,0.0,-0.04934364744491327,-2.0,-7.108523159974206,False
-2,59600,ASH_COATED_OSMIUM,9996.0,15.0,9993.0,27.0,,,10012.0,15.0,10015.0,27.0,,,10004.0,0.0,-0.050996249413970934,-3.0,-7.387873829648064,False
-2,59700,ASH_COATED_OSMIUM,9996.0,15.0,,,,,10012.0,15.0,10014.0,20.0,,,10004.0,0.0,-0.052578527894983594,-3.5,-7.663860370653322,False
-2,59800,ASH_COATED_OSMIUM,9993.0,22.0,,,,,10012.0,12.0,10014.0,22.0,,,10002.5,0.0,-0.05500468823253633,-4.5,-7.971752412135503,False
-2,59900,ASH_COATED_OSMIUM,9996.0,12.0,9993.0,22.0,,,10012.0,12.0,10014.0,22.0,,,10004.0,0.0,-0.05639943741209564,-7.5,-8.230351457161563,False
-2,60000,ASH_COATED_OSMIUM,9993.0,26.0,,,,,10011.0,13.0,10014.0,26.0,,,10002.0,0.0,-0.055303563056727616,-6.0,-8.226733570754941,False
-2,60100,ASH_COATED_OSMIUM,9995.0,14.0,,,,,10011.0,14.0,10014.0,23.0,,,10003.0,0.0,-0.05638185654008439,-4.0,-8.370107569883634,False
-2,60200,ASH_COATED_OSMIUM,9995.0,15.0,9993.0,23.0,,,10011.0,15.0,10014.0,23.0,,,10003.0,0.0,-0.05829231129864041,-6.0,-8.688200010189956,False
-2,60300,ASH_COATED_OSMIUM,9996.0,12.0,9993.0,26.0,,,10014.0,26.0,,,,,10005.0,0.0,-0.05635841537740272,-3.0,-8.366274665997528,False
-2,60400,ASH_COATED_OSMIUM,9996.0,13.0,9993.0,20.0,,,10012.0,13.0,,,,,10004.0,0.0,-0.05620604781997187,-3.5,-8.34140058015616,False
-2,60500,ASH_COATED_OSMIUM,9995.0,10.0,,,,,10011.0,10.0,10014.0,29.0,,,10003.0,0.0,-0.05736052508204407,-3.5,-8.514213981592581,False
-2,60600,ASH_COATED_OSMIUM,9995.0,11.0,9993.0,26.0,,,10011.0,11.0,10014.0,26.0,,,10003.0,0.0,-0.05935888420065635,-4.5,-8.884409289775455,False
-2,60700,ASH_COATED_OSMIUM,9995.0,13.0,,,,,10011.0,13.0,10014.0,26.0,,,10003.0,0.0,-0.0603258321612752,-5.0,-9.038156407637091,False
-2,60800,ASH_COATED_OSMIUM,9995.0,14.0,9993.0,20.0,,,10011.0,14.0,,,,,10003.0,0.0,-0.060712611345522735,-4.0,-9.094099772416536,False
-2,60900,ASH_COATED_OSMIUM,9993.0,21.0,,,,,10011.0,11.0,,,,,10002.0,0.0,-0.06285747773089545,-6.0,-9.411227349695572,False
-2,61100,ASH_COATED_OSMIUM,9995.0,10.0,9993.0,29.0,,,10014.0,29.0,,,,,10004.5,0.0,-0.06162095639943741,-4.0,-9.166061496509725,False
-2,61200,ASH_COATED_OSMIUM,9995.0,10.0,9992.0,29.0,,,10011.0,10.0,10013.0,29.0,,,10003.0,0.0,-0.06121659634317862,-4.0,-9.113580393478445,False
-2,61300,ASH_COATED_OSMIUM,9994.0,11.0,9992.0,25.0,,,10010.0,11.0,10013.0,25.0,,,10002.0,0.0,-0.06303328645100797,-4.5,-9.382222629735356,False
-2,61400,ASH_COATED_OSMIUM,9995.0,13.0,9992.0,29.0,,,10011.0,13.0,10013.0,29.0,,,10003.0,0.0,-0.06428152836380685,-4.0,-9.63627378359221,False
-2,61600,ASH_COATED_OSMIUM,9995.0,14.0,9992.0,27.0,,,10011.0,14.0,10013.0,27.0,,,10003.0,0.0,-0.06497304266291608,-5.0,-9.768445457526843,False
-2,61800,ASH_COATED_OSMIUM,9994.0,10.0,9991.0,25.0,,,10010.0,10.0,,,,,10002.0,0.0,-0.06554735114861697,-3.5,-9.838854553460646,False
-2,61900,ASH_COATED_OSMIUM,9994.0,14.0,9992.0,20.0,,,10010.0,14.0,10013.0,20.0,,,10002.0,0.0,-0.06835443037974684,-10.0,-10.458847681426636,False
-2,62000,ASH_COATED_OSMIUM,9991.0,20.0,,,,,10010.0,11.0,10012.0,20.0,,,10000.5,0.0,-0.06629746835443039,-6.5,-10.659536047863387,False
-2,62200,ASH_COATED_OSMIUM,9993.0,15.0,9990.0,27.0,,,10009.0,15.0,,,,,10001.0,0.0,-0.06825480543834975,-7.5,-10.919665961105062,False
-2,62300,ASH_COATED_OSMIUM,9993.0,11.0,,,,,10009.0,11.0,10012.0,24.0,,,10001.0,0.0,-0.0686474449132677,-4.5,-10.946858461240826,False
-2,62400,ASH_COATED_OSMIUM,9999.0,4.0,9993.0,13.0,9991.0,24.0,10009.0,13.0,10012.0,24.0,,,10004.0,0.0,-0.06893459915611815,-3.0,-11.044510905231713,False
-2,62500,ASH_COATED_OSMIUM,9994.0,12.0,9991.0,26.0,,,10010.0,12.0,,,,,10002.0,0.0,-0.06961439287388654,-3.5,-11.170367976569342,False
-2,62700,ASH_COATED_OSMIUM,9994.0,12.0,9991.0,23.0,,,9999.0,7.0,10010.0,12.0,10012.0,23.0,9996.5,0.0,-0.07669362400375059,-12.0,-11.310243784900145,False
-2,62800,ASH_COATED_OSMIUM,9994.0,11.0,,,,,10010.0,11.0,10012.0,22.0,,,10002.0,0.0,-0.07562119081106423,-6.0,-11.169109952810823,False
-2,62900,ASH_COATED_OSMIUM,9994.0,11.0,9991.0,28.0,,,10012.0,28.0,,,,,10003.0,0.0,-0.07394514767932489,-4.0,-10.859216043349676,False
-2,63000,ASH_COATED_OSMIUM,9991.0,22.0,,,,,10009.0,15.0,10012.0,22.0,,,10000.0,0.0,-0.07587904360056259,-7.0,-11.068963959062591,False
-2,63200,ASH_COATED_OSMIUM,9993.0,14.0,9991.0,26.0,,,10003.0,3.0,10009.0,14.0,,,9998.0,0.0,-0.07950070323488045,-10.0,-11.217862474404017,False
-2,63400,ASH_COATED_OSMIUM,9994.0,12.0,9991.0,21.0,,,10012.0,21.0,,,,,10003.0,0.0,-0.07733239568682607,-4.0,-10.817028720115873,False
-2,63500,ASH_COATED_OSMIUM,9991.0,22.0,,,,,10003.0,4.0,10012.0,22.0,,,9997.0,0.0,-0.08155180496952649,-10.0,-10.894022073039757,False
-2,63600,ASH_COATED_OSMIUM,9994.0,13.0,9992.0,20.0,,,10013.0,20.0,,,,,10003.5,0.0,-0.0795182841068917,-1.5,-10.44512896775066,False
-2,63800,ASH_COATED_OSMIUM,9994.0,13.0,9992.0,20.0,,,10013.0,20.0,,,,,10003.5,0.0,-0.07930145335208626,-3.5,-10.386471338977065,False
-2,63900,ASH_COATED_OSMIUM,9994.0,14.0,9991.0,25.0,,,10010.0,14.0,,,,,10002.0,0.0,-0.07853961556493202,-4.0,-10.258505063559765,False
-2,64000,ASH_COATED_OSMIUM,9993.0,14.0,9991.0,28.0,,,10009.0,14.0,10012.0,28.0,,,10001.0,0.0,-0.07953586497890296,-6.0,-10.42627122803837,False
-2,64100,ASH_COATED_OSMIUM,9993.0,10.0,,,,,10009.0,10.0,10012.0,30.0,,,10001.0,0.0,-0.07946554149085795,-7.0,-10.416326294763438,False
-2,64200,ASH_COATED_OSMIUM,9993.0,14.0,9991.0,22.0,,,10003.0,5.0,10009.0,14.0,10012.0,22.0,9998.0,0.0,-0.08108298171589311,-7.0,-10.462917084977324,False
-2,64300,ASH_COATED_OSMIUM,9993.0,10.0,9991.0,28.0,,,10009.0,10.0,10012.0,28.0,,,10001.0,0.0,-0.08253633380215658,-5.0,-10.757150527607557,False
-2,64400,ASH_COATED_OSMIUM,9993.0,14.0,9991.0,24.0,,,10009.0,14.0,10012.0,24.0,,,10001.0,0.0,-0.08294655414908579,-6.0,-10.83021741005789,False
-2,64500,ASH_COATED_OSMIUM,9993.0,11.0,9990.0,26.0,,,10011.0,26.0,,,,,10002.0,0.0,-0.08136427566807314,-9.5,-10.552135656151757,False
-2,64600,ASH_COATED_OSMIUM,9993.0,14.0,,,,,10009.0,14.0,10011.0,23.0,,,10001.0,0.0,-0.07631856540084388,-6.0,-10.515520625159711,False
-2,64700,ASH_COATED_OSMIUM,9993.0,14.0,9990.0,28.0,,,10009.0,14.0,,,,,10001.0,0.0,-0.07529887482419129,-6.0,-10.37294123447807,False
-2,64800,ASH_COATED_OSMIUM,9993.0,10.0,9990.0,25.0,,,10009.0,10.0,,,,,10001.0,0.0,-0.07413853727144866,-5.0,-10.213907826597799,False
-2,64900,ASH_COATED_OSMIUM,9992.0,10.0,9990.0,29.0,,,10008.0,10.0,,,,,10000.0,0.0,-0.07471284575714955,-6.0,-10.292203074322526,False
-2,65000,ASH_COATED_OSMIUM,9992.0,14.0,,,,,10008.0,14.0,10010.0,21.0,,,10000.0,0.0,-0.07514650726676043,-4.0,-10.351866092380389,False
-2,65100,ASH_COATED_OSMIUM,9997.0,4.0,9992.0,15.0,9989.0,26.0,10008.0,15.0,10010.0,26.0,,,10002.5,0.0,-0.07502344116268167,-2.5,-10.317524955178111,False
-2,65200,ASH_COATED_OSMIUM,9991.0,12.0,9989.0,29.0,,,10007.0,12.0,10010.0,29.0,,,9999.0,0.0,-0.07715658696671356,-6.0,-10.616871077019258,False
-2,65300,ASH_COATED_OSMIUM,9988.0,22.0,,,,,10007.0,13.0,10009.0,22.0,,,9997.5,0.0,-0.0805379746835443,-7.0,-10.94903146007737,False
-2,65400,ASH_COATED_OSMIUM,9990.0,10.0,9988.0,20.0,,,10006.0,10.0,10009.0,20.0,,,9998.0,0.0,-0.08375527426160338,-7.0,-11.39421004164685,False
-2,65500,ASH_COATED_OSMIUM,9990.0,12.0,9988.0,21.0,,,10006.0,12.0,,,,,9998.0,0.0,-0.0863455227379278,-9.5,-11.728946966733918,False
-2,65600,ASH_COATED_OSMIUM,9990.0,15.0,9988.0,30.0,,,10006.0,15.0,10009.0,30.0,,,9998.0,0.0,-0.08639826535396156,-7.0,-11.73137313299084,False
-2,65700,ASH_COATED_OSMIUM,9991.0,12.0,9988.0,26.0,,,10009.0,26.0,,,,,10000.0,0.0,-0.08674988279418659,-6.0,-11.802755766811094,False
-2,65800,ASH_COATED_OSMIUM,9990.0,14.0,9988.0,28.0,,,10006.0,14.0,10009.0,28.0,,,9998.0,0.0,-0.08788677918424753,-7.0,-11.916731207962783,False
-2,65900,ASH_COATED_OSMIUM,9990.0,11.0,,,,,10006.0,11.0,10009.0,25.0,,,9998.0,0.0,-0.08978551336146273,-8.5,-12.181470616466791,False
-2,66000,ASH_COATED_OSMIUM,9990.0,15.0,9988.0,27.0,,,10006.0,15.0,,,,,9998.0,0.0,-0.09009610876699484,-8.0,-12.209023858732188,False
-2,66100,ASH_COATED_OSMIUM,9990.0,14.0,9988.0,24.0,,,10009.0,24.0,,,,,9999.5,0.0,-0.08929324894514767,-5.5,-12.080959578968658,False
-2,66200,ASH_COATED_OSMIUM,9987.0,24.0,,,,,10008.0,24.0,,,,,9997.5,0.0,-0.09113924050632911,-7.0,-12.31188018172025,False
-2,66300,ASH_COATED_OSMIUM,9990.0,12.0,9987.0,26.0,,,10006.0,12.0,10008.0,26.0,,,9998.0,0.0,-0.09282114392873887,-8.0,-12.592368129817427,False
-2,66400,ASH_COATED_OSMIUM,9990.0,11.0,9987.0,25.0,,,10006.0,11.0,10008.0,25.0,,,9998.0,0.0,-0.09292662916080638,-8.0,-12.604443138939462,False
-2,66500,ASH_COATED_OSMIUM,9990.0,12.0,9987.0,24.0,,,10006.0,12.0,10008.0,24.0,,,9998.0,0.0,-0.09284458509142053,-9.0,-12.595048943553975,False
-2,66600,ASH_COATED_OSMIUM,9990.0,12.0,9987.0,30.0,,,10006.0,12.0,10008.0,30.0,,,9998.0,0.0,-0.09162564463197374,-8.0,-12.502770293714214,False
-2,66700,ASH_COATED_OSMIUM,9990.0,14.0,9987.0,21.0,,,10006.0,14.0,10008.0,21.0,,,9998.0,0.0,-0.09114510079699953,-8.0,-12.449506648983055,False
-2,66800,ASH_COATED_OSMIUM,9990.0,15.0,9987.0,28.0,,,9999.0,4.0,10008.0,28.0,,,9994.5,0.0,-0.0937177684013127,-10.5,-12.414858120079508,False
-2,66900,ASH_COATED_OSMIUM,9990.0,13.0,,,,,10006.0,13.0,10008.0,29.0,,,9998.0,0.0,-0.09372948898265354,-7.0,-12.41661452571818,False
-2,67000,ASH_COATED_OSMIUM,9986.0,21.0,,,,,10005.0,12.0,,,,,9995.5,0.0,-0.0958919362400375,-9.5,-12.557662337846123,False
-2,67100,ASH_COATED_OSMIUM,9989.0,12.0,9987.0,29.0,,,10005.0,12.0,10008.0,29.0,,,9997.0,0.0,-0.09644280356305673,-7.0,-12.623943294238261,False
-2,67200,ASH_COATED_OSMIUM,9989.0,12.0,9986.0,23.0,,,10005.0,12.0,,,,,9997.0,0.0,-0.0977555086732302,-4.5,-12.831336288304966,False
-2,67300,ASH_COATED_OSMIUM,9989.0,10.0,9986.0,26.0,,,10005.0,10.0,10007.0,26.0,,,9997.0,0.0,-0.10127754336615095,-8.0,-13.765037853501797,False
-2,67400,ASH_COATED_OSMIUM,9989.0,12.0,9987.0,26.0,,,10005.0,12.0,10008.0,26.0,,,9997.0,0.0,-0.10137130801687763,-3.0,-13.778187011605063,False
-2,67500,ASH_COATED_OSMIUM,9987.0,27.0,,,,,10005.0,12.0,,,,,9996.0,0.0,-0.10695030473511487,-9.5,-15.703685250732363,False
-2,67600,ASH_COATED_OSMIUM,9987.0,30.0,,,,,10006.0,12.0,10008.0,30.0,,,9996.5,0.0,-0.10675105485232067,-8.5,-15.679308097258753,False
-2,67700,ASH_COATED_OSMIUM,9987.0,29.0,,,,,9999.0,2.0,10005.0,15.0,10008.0,29.0,9993.0,0.0,-0.11005625879043601,-13.0,-15.583079017492192,False
-2,67800,ASH_COATED_OSMIUM,9989.0,11.0,,,,,10005.0,11.0,10007.0,21.0,,,9997.0,0.0,-0.10842709798406001,-9.0,-15.373392701348449,False
-2,67900,ASH_COATED_OSMIUM,9989.0,11.0,9986.0,30.0,,,10005.0,11.0,10007.0,30.0,,,9997.0,0.0,-0.10658696671354899,-8.0,-15.148402306249446,False
-2,68000,ASH_COATED_OSMIUM,9989.0,15.0,9987.0,25.0,,,10005.0,15.0,10008.0,25.0,,,9997.0,0.0,-0.10548523206751055,-8.0,-14.96606980096934,False
-2,68100,ASH_COATED_OSMIUM,9989.0,10.0,9987.0,28.0,,,10005.0,10.0,10008.0,28.0,,,9997.0,0.0,-0.10419596812001876,-6.5,-14.759399288361653,False
-2,68200,ASH_COATED_OSMIUM,9989.0,10.0,9986.0,20.0,,,10005.0,10.0,10007.0,20.0,,,9997.0,0.0,-0.104143225503985,-8.0,-14.747343102058641,False
-2,68300,ASH_COATED_OSMIUM,9987.0,20.0,,,,,10005.0,11.0,10008.0,20.0,,,9996.0,0.0,-0.10343999062353493,-8.0,-14.670876300621092,False
-2,68400,ASH_COATED_OSMIUM,9987.0,25.0,,,,,10005.0,12.0,10008.0,25.0,,,9996.0,0.0,-0.10347515236755743,-8.0,-14.676323442004444,False
-2,68500,ASH_COATED_OSMIUM,9989.0,15.0,9986.0,23.0,,,10005.0,15.0,10007.0,23.0,,,9997.0,0.0,-0.10239685888420065,-5.5,-14.461437222358969,False
-2,68600,ASH_COATED_OSMIUM,9987.0,25.0,,,,,10008.0,25.0,,,,,9997.5,0.0,-0.10211556493202063,-6.5,-14.380644581691964,False
-2,68700,ASH_COATED_OSMIUM,9989.0,10.0,9986.0,25.0,,,10005.0,10.0,10007.0,25.0,,,9997.0,0.0,-0.10075597749648382,-5.0,-14.121312244783754,False
-2,68800,ASH_COATED_OSMIUM,9987.0,26.0,,,,,10005.0,15.0,10008.0,26.0,,,9996.0,0.0,-0.10205696202531646,-7.0,-14.429028791768422,False
-2,68900,ASH_COATED_OSMIUM,9986.0,25.0,,,,,10005.0,15.0,10007.0,25.0,,,9995.5,0.0,-0.10273089545241444,-7.5,-14.546042532128352,False
-2,69000,ASH_COATED_OSMIUM,9988.0,12.0,9986.0,21.0,,,10004.0,12.0,10007.0,21.0,,,9996.0,0.0,-0.10276605719643694,-9.0,-14.5530269446295,False
-2,69100,ASH_COATED_OSMIUM,9988.0,12.0,9985.0,25.0,,,10004.0,12.0,10006.0,25.0,,,9996.0,0.0,-0.10073839662447258,-8.0,-14.346494459475496,False
-2,69200,ASH_COATED_OSMIUM,9987.0,12.0,9985.0,24.0,,,10006.0,24.0,,,,,9996.5,0.0,-0.09898616971401782,-6.5,-14.05785934978711,False
-2,69300,ASH_COATED_OSMIUM,9985.0,28.0,,,,,10004.0,10.0,,,,,9994.5,0.0,-0.09985935302390998,-8.5,-14.160056447383141,False
-2,69400,ASH_COATED_OSMIUM,9987.0,15.0,9985.0,20.0,,,10003.0,15.0,10006.0,20.0,,,9995.0,0.0,-0.10007032348804501,-8.0,-14.189944924569946,False
-2,69500,ASH_COATED_OSMIUM,9987.0,11.0,9985.0,20.0,,,10003.0,11.0,10006.0,20.0,,,9995.0,0.0,-0.10009376465072668,-8.0,-14.193275911766024,False
-2,69600,ASH_COATED_OSMIUM,9985.0,21.0,,,,,10003.0,15.0,10006.0,21.0,,,9994.0,0.0,-0.10085560243788091,-8.0,-14.26764884993816,False
-2,69700,ASH_COATED_OSMIUM,9987.0,15.0,9985.0,21.0,,,10003.0,15.0,10006.0,21.0,,,9995.0,0.0,-0.1014299109235818,-9.5,-14.37782666558649,False
-2,69800,ASH_COATED_OSMIUM,9988.0,14.0,9985.0,26.0,,,10004.0,14.0,,,,,9996.0,0.0,-0.0985407876230661,-7.0,-14.033876334731008,False
-2,69900,ASH_COATED_OSMIUM,9988.0,12.0,9986.0,29.0,,,10004.0,12.0,10007.0,29.0,,,9996.0,0.0,-0.0968764650726676,-6.0,-13.736294075244432,False
-2,70000,ASH_COATED_OSMIUM,9988.0,12.0,,,,,10007.0,26.0,,,,,9997.5,0.0,-0.09460853258321612,-5.5,-13.115352504394748,False
-2,70100,ASH_COATED_OSMIUM,9989.0,15.0,9986.0,22.0,,,10005.0,15.0,10007.0,22.0,,,9997.0,0.0,-0.09174871073605251,-6.0,-12.559054538870829,False
-2,70200,ASH_COATED_OSMIUM,9989.0,12.0,9986.0,29.0,,,10007.0,29.0,,,,,9998.0,0.0,-0.08782231598687294,-4.0,-11.723651457252545,False
-2,70300,ASH_COATED_OSMIUM,9989.0,10.0,9987.0,28.0,,,10005.0,10.0,10008.0,28.0,,,9997.0,0.0,-0.08565400843881857,-5.0,-11.29932940605667,False
-2,70400,ASH_COATED_OSMIUM,9987.0,24.0,,,,,10005.0,14.0,10008.0,24.0,,,9996.0,0.0,-0.08429442100328176,-4.5,-11.086483092438264,False
-2,70500,ASH_COATED_OSMIUM,9989.0,11.0,9986.0,23.0,,,10005.0,11.0,10007.0,23.0,,,9997.0,0.0,-0.08329231129864041,-4.0,-10.85848121450252,False
-2,70600,ASH_COATED_OSMIUM,9989.0,14.0,,,,,10005.0,14.0,10008.0,30.0,,,9997.0,0.0,-0.08173347398030942,-4.0,-10.53950893194283,False
-2,70700,ASH_COATED_OSMIUM,9989.0,15.0,9987.0,22.0,,,10005.0,15.0,10008.0,22.0,,,9997.0,0.0,-0.08008087201125176,-7.0,-10.215769588001454,False
-2,70900,ASH_COATED_OSMIUM,9989.0,11.0,9986.0,26.0,,,10005.0,11.0,10007.0,26.0,,,9997.0,0.0,-0.07548640412564463,-5.0,-9.720623721064216,False
-2,71000,ASH_COATED_OSMIUM,9989.0,13.0,,,,,10005.0,13.0,10007.0,29.0,,,9997.0,0.0,-0.07262658227848101,0.5,-9.287328304567794,False
-2,71100,ASH_COATED_OSMIUM,9989.0,13.0,9986.0,25.0,,,10005.0,13.0,10007.0,25.0,,,9997.0,0.0,-0.07487107360525082,-5.0,-9.956485568695467,False
-2,71200,ASH_COATED_OSMIUM,9989.0,11.0,9987.0,26.0,,,10008.0,26.0,,,,,9998.5,0.0,-0.0705168776371308,-4.5,-9.120478084454342,False
-2,71300,ASH_COATED_OSMIUM,9990.0,10.0,9987.0,29.0,,,10008.0,29.0,,,,,9999.0,0.0,-0.06466830754805439,-1.0,-8.185365984767675,False
-2,71400,ASH_COATED_OSMIUM,9987.0,29.0,,,,,10006.0,15.0,10008.0,29.0,,,9996.5,0.0,-0.06388888888888888,-1.5,-8.060264996022902,False
-2,71500,ASH_COATED_OSMIUM,9990.0,13.0,9987.0,30.0,,,10006.0,13.0,10008.0,30.0,,,9998.0,0.0,-0.06353727144866385,-5.0,-7.979509906881753,False
-2,71600,ASH_COATED_OSMIUM,9996.0,3.0,9990.0,15.0,,,10006.0,15.0,10009.0,20.0,,,10001.0,0.0,-0.055661040787623066,4.0,-6.634324787787118,False
-2,71700,ASH_COATED_OSMIUM,9990.0,14.0,9987.0,20.0,,,10006.0,14.0,10008.0,20.0,,,9998.0,0.0,-0.056211908110642285,-5.5,-6.746467783743869,False
-2,71800,ASH_COATED_OSMIUM,9988.0,23.0,,,,,10006.0,10.0,10009.0,23.0,,,9997.0,0.0,-0.05154125644631974,-6.5,-6.337341488392133,False
-2,71900,ASH_COATED_OSMIUM,9990.0,15.0,9987.0,28.0,,,10006.0,15.0,10008.0,28.0,,,9998.0,0.0,-0.04579231129864041,-4.0,-5.760865589248038,False
-2,72000,ASH_COATED_OSMIUM,9990.0,15.0,,,,,10006.0,15.0,,,,,9998.0,0.0,-0.0413384903891233,-3.0,-5.231063780121798,False
-2,72100,ASH_COATED_OSMIUM,9990.0,13.0,9987.0,23.0,,,10008.0,23.0,,,,,9999.0,0.0,-0.03681434599156118,-2.0,-4.598831919862773,False
-2,72200,ASH_COATED_OSMIUM,9990.0,11.0,9987.0,24.0,,,10006.0,11.0,10008.0,24.0,,,9998.0,0.0,-0.03316924519456165,0.0,-4.151087263836743,False
-2,72300,ASH_COATED_OSMIUM,9988.0,29.0,,,,,10006.0,10.0,,,,,9997.0,0.0,-0.03322784810126582,-4.0,-4.159434561202944,False
-2,72400,ASH_COATED_OSMIUM,9990.0,11.0,,,,,10009.0,21.0,,,,,9999.5,0.0,-0.028100093764650728,-1.5,-3.475154255691065,False
-2,72500,ASH_COATED_OSMIUM,9991.0,15.0,9988.0,22.0,,,10007.0,15.0,10009.0,22.0,,,9999.0,0.0,-0.02340014064697609,-3.0,-2.891909974584786,False
-2,72600,ASH_COATED_OSMIUM,9991.0,15.0,9988.0,21.0,,,10007.0,15.0,10009.0,21.0,,,9999.0,0.0,-0.017703938115330522,-2.0,-2.230514553176323,False
-2,72700,ASH_COATED_OSMIUM,10000.0,9.0,9991.0,13.0,,,10007.0,13.0,10009.0,23.0,,,10003.5,0.0,-0.008720112517580873,2.5,-1.018935279856583,False
-2,72800,ASH_COATED_OSMIUM,9990.0,10.0,9988.0,25.0,,,10000.0,5.0,10006.0,10.0,10009.0,25.0,9995.0,0.0,-0.007665260196905766,-6.0,-0.9069346866663215,False
-2,72900,ASH_COATED_OSMIUM,9990.0,15.0,9988.0,23.0,,,10006.0,15.0,10009.0,23.0,,,9998.0,0.0,-0.003691983122362869,-2.0,-0.44708946020907087,False
-2,73000,ASH_COATED_OSMIUM,9988.0,24.0,,,,,10006.0,13.0,10009.0,24.0,,,9997.0,0.0,-0.0015236755743084857,-3.0,-0.18719499554404712,False
-2,73200,ASH_COATED_OSMIUM,9991.0,13.0,9989.0,28.0,,,10010.0,28.0,,,,,10000.5,0.0,0.003955696202531646,-2.0,0.4834135541977191,False
-2,73300,ASH_COATED_OSMIUM,9991.0,11.0,,,,,10007.0,11.0,10009.0,30.0,,,9999.0,0.0,0.01040787623066104,0.0,1.3603880994976605,False
-2,73500,ASH_COATED_OSMIUM,9990.0,14.0,9988.0,20.0,,,10009.0,20.0,,,,,9999.5,0.0,0.014082278481012659,2.0,1.849606046909848,False
-2,73600,ASH_COATED_OSMIUM,9990.0,10.0,9988.0,26.0,,,10006.0,10.0,10009.0,26.0,,,9998.0,0.0,0.01493202062822316,0.0,1.9642640802641862,False
-2,73700,ASH_COATED_OSMIUM,9990.0,12.0,9988.0,30.0,,,10006.0,12.0,,,,,9998.0,0.0,0.016244725738396623,0.0,2.146714496644888,False
-2,73800,ASH_COATED_OSMIUM,9990.0,11.0,9988.0,30.0,,,10006.0,11.0,10009.0,30.0,,,9998.0,0.0,0.017557430848570088,0.0,2.3317977683766924,False
-2,73900,ASH_COATED_OSMIUM,9991.0,13.0,9988.0,26.0,,,10007.0,13.0,10009.0,26.0,,,9999.0,0.0,0.01979606188466948,-1.0,2.63736936774176,False
-2,74000,ASH_COATED_OSMIUM,9991.0,13.0,9988.0,29.0,,,10009.0,29.0,,,,,10000.0,0.0,0.024835911861228317,2.0,3.3968923385023397,False
-2,74100,ASH_COATED_OSMIUM,9990.0,10.0,,,,,10006.0,10.0,10009.0,29.0,,,9998.0,0.0,0.026125175808720112,0.0,3.601719215380001,False
-2,74200,ASH_COATED_OSMIUM,9991.0,12.0,9988.0,27.0,,,10009.0,27.0,,,,,10000.0,0.0,0.02926629160806376,2.0,4.0431166478030605,False
-2,74300,ASH_COATED_OSMIUM,9988.0,25.0,,,,,10007.0,12.0,10009.0,25.0,,,9997.5,0.0,0.030045710267229256,-2.0,4.179511180208571,False
-2,74400,ASH_COATED_OSMIUM,9991.0,15.0,,,,,10007.0,15.0,10010.0,20.0,,,9999.0,0.0,0.033649789029535866,1.5,4.848940361034144,False
-2,74500,ASH_COATED_OSMIUM,9991.0,15.0,,,,,10007.0,15.0,10009.0,22.0,,,9999.0,0.0,0.03536685419596812,1.0,5.133481873383247,False
-2,74600,ASH_COATED_OSMIUM,9989.0,30.0,,,,,10001.0,2.0,10007.0,11.0,10010.0,30.0,9995.0,0.0,0.03381973745897796,-3.0,4.767392517799505,False
-2,74700,ASH_COATED_OSMIUM,9991.0,10.0,9988.0,24.0,,,10007.0,10.0,10009.0,24.0,,,9999.0,0.0,0.03604664791373652,1.0,5.147238837556907,False
-2,74800,ASH_COATED_OSMIUM,9991.0,14.0,,,,,10007.0,14.0,10009.0,25.0,,,9999.0,0.0,0.03825011720581341,1.0,5.541118652753639,False
-2,74900,ASH_COATED_OSMIUM,9989.0,24.0,,,,,10007.0,13.0,10010.0,24.0,,,9998.0,0.0,0.0395042194092827,0.0,5.79937557847901,False
-2,75000,ASH_COATED_OSMIUM,9991.0,12.0,9989.0,30.0,,,10010.0,30.0,,,,,10000.5,0.0,0.043073136427566806,6.0,6.386846534283563,False
-2,75100,ASH_COATED_OSMIUM,9991.0,12.0,9989.0,25.0,,,10010.0,25.0,,,,,10000.5,0.0,0.04326066572902016,2.5,6.403886278041745,False
-2,75200,ASH_COATED_OSMIUM,9989.0,20.0,,,,,10010.0,20.0,,,,,9999.5,0.0,0.04570440693858415,4.0,6.888420659572499,False
-2,75300,ASH_COATED_OSMIUM,9991.0,10.0,9989.0,27.0,,,10001.0,3.0,10007.0,10.0,10010.0,27.0,9996.0,0.0,0.042498827941865915,-1.0,6.19027928882953,False
-2,75500,ASH_COATED_OSMIUM,9992.0,12.0,9989.0,29.0,,,10008.0,12.0,10010.0,29.0,,,10000.0,0.0,0.044409282700421944,3.0,6.48865875816271,False
-2,75600,ASH_COATED_OSMIUM,9992.0,11.0,9989.0,20.0,,,10001.0,2.0,10010.0,20.0,,,9996.5,0.0,0.04300867323019222,-0.5,6.167018471724057,False
-2,75700,ASH_COATED_OSMIUM,9991.0,15.0,,,,,10007.0,15.0,10010.0,21.0,,,9999.0,0.0,0.043934599156118144,2.0,6.328382777109223,False
-2,75800,ASH_COATED_OSMIUM,9991.0,15.0,9989.0,21.0,,,10007.0,15.0,10010.0,21.0,,,9999.0,0.0,0.04481364275668073,3.0,6.484443243456051,False
-2,75900,ASH_COATED_OSMIUM,9991.0,14.0,9989.0,30.0,,,10007.0,14.0,10010.0,30.0,,,9999.0,0.0,0.04469643694327238,2.5,6.466008073217099,False
-2,76100,ASH_COATED_OSMIUM,9992.0,10.0,9989.0,26.0,,,10008.0,10.0,10010.0,26.0,,,10000.0,0.0,0.045909517112048756,7.0,6.644857819857224,False
-2,76200,ASH_COATED_OSMIUM,9992.0,14.0,9990.0,26.0,,,10008.0,14.0,10011.0,26.0,,,10000.0,0.0,0.0437177684013127,3.0,6.492881780923882,False
-2,76300,ASH_COATED_OSMIUM,9990.0,27.0,,,,,10009.0,13.0,10011.0,27.0,,,9999.5,0.0,0.04469643694327238,2.5,6.662165200770341,False
-2,76400,ASH_COATED_OSMIUM,9992.0,11.0,9990.0,26.0,,,10008.0,11.0,10011.0,26.0,,,10000.0,0.0,0.04607946554149086,3.0,6.889752624506694,False
-2,76500,ASH_COATED_OSMIUM,9990.0,30.0,,,,,10009.0,13.0,10011.0,30.0,,,9999.5,0.0,0.04692920768870136,2.5,7.043019943799445,False
-2,76600,ASH_COATED_OSMIUM,10003.0,8.0,9993.0,12.0,9991.0,29.0,10009.0,12.0,10012.0,29.0,,,10006.0,0.0,0.05373886544772621,9.0,7.229530443613223,False
-2,76700,ASH_COATED_OSMIUM,9993.0,14.0,9990.0,20.0,,,10009.0,14.0,10011.0,20.0,,,10001.0,0.0,0.055707923112986404,5.0,7.5106551551535725,False
-2,76900,ASH_COATED_OSMIUM,9991.0,30.0,,,,,10009.0,13.0,10012.0,30.0,,,10000.0,0.0,0.055707923112986404,4.0,7.510655155153685,False
-2,77000,ASH_COATED_OSMIUM,9994.0,11.0,9991.0,25.0,,,10010.0,11.0,10012.0,25.0,,,10002.0,0.0,0.05746601031411158,5.0,7.6898898649654726,False
-2,77200,ASH_COATED_OSMIUM,9993.0,15.0,9991.0,26.0,,,10009.0,15.0,10012.0,26.0,,,10001.0,0.0,0.05910689170182841,3.5,7.934272517874566,True
-2,77400,ASH_COATED_OSMIUM,9991.0,27.0,,,,,10009.0,11.0,10012.0,27.0,,,10000.0,0.0,0.06020276605719644,3.0,8.140126903769826,True
-2,77500,ASH_COATED_OSMIUM,10003.0,9.0,9994.0,10.0,9991.0,20.0,10010.0,10.0,,,,,10006.5,0.0,0.06678387248007502,10.5,8.346533502621128,True
-2,77600,ASH_COATED_OSMIUM,9991.0,25.0,,,,,10009.0,13.0,10012.0,25.0,,,10000.0,0.0,0.06617440225035162,4.5,8.253779383824325,True
-2,77700,ASH_COATED_OSMIUM,10003.0,6.0,9994.0,11.0,9991.0,24.0,10012.0,24.0,,,,,10007.5,0.0,0.0719409282700422,11.5,8.238765747167788,True
-2,77800,ASH_COATED_OSMIUM,10003.0,9.0,9994.0,10.0,9991.0,24.0,10010.0,10.0,10012.0,24.0,,,10006.5,0.0,0.07697491795593062,10.5,8.419807877234325,True
-2,77900,ASH_COATED_OSMIUM,9994.0,15.0,9991.0,30.0,,,10010.0,15.0,10012.0,30.0,,,10002.0,0.0,0.07759610876699484,5.5,8.489605155823442,True
-2,78000,ASH_COATED_OSMIUM,9994.0,13.0,9992.0,27.0,,,10013.0,27.0,,,,,10003.5,0.0,0.07994022503516174,9.0,8.718725605088443,True
-2,78100,ASH_COATED_OSMIUM,9995.0,13.0,9993.0,30.0,,,10011.0,13.0,10014.0,30.0,,,10003.0,0.0,0.07975855602437881,8.0,8.705281446474089,True
-2,78200,ASH_COATED_OSMIUM,9994.0,15.0,9992.0,20.0,,,10010.0,15.0,10013.0,20.0,,,10002.0,0.0,0.07892639474917956,7.0,8.623399971459017,True
-2,78300,ASH_COATED_OSMIUM,9994.0,10.0,,,,,10010.0,10.0,10012.0,22.0,,,10002.0,0.0,0.07793014533520863,8.0,8.526352574194993,True
-2,78400,ASH_COATED_OSMIUM,9994.0,15.0,9992.0,26.0,,,10010.0,15.0,10013.0,26.0,,,10002.0,0.0,0.07582044069385842,7.0,8.358345950325493,True
-2,78500,ASH_COATED_OSMIUM,9994.0,15.0,9992.0,30.0,,,10000.0,6.0,,,,,9997.0,0.0,0.06984294421003281,1.0,7.377756195594551,False
-2,78600,ASH_COATED_OSMIUM,9992.0,30.0,,,,,10010.0,10.0,,,,,10001.0,0.0,0.06847163619315517,5.0,7.223472435120183,True
-2,78700,ASH_COATED_OSMIUM,9994.0,11.0,,,,,10010.0,11.0,10013.0,27.0,,,10002.0,0.0,0.06790904828879513,4.5,7.1680410762802715,True
-2,78900,ASH_COATED_OSMIUM,9994.0,11.0,9992.0,30.0,,,10010.0,11.0,10013.0,30.0,,,10002.0,0.0,0.06862986404125644,5.0,7.2531073278258775,True
-2,79000,ASH_COATED_OSMIUM,9994.0,15.0,9991.0,21.0,,,10010.0,15.0,,,,,10002.0,0.0,0.06877051101734646,4.0,7.26887925273283,True
-2,79100,ASH_COATED_OSMIUM,9994.0,15.0,9991.0,27.0,,,10010.0,15.0,10012.0,27.0,,,10002.0,0.0,0.06974331926863572,5.0,7.391562337906338,True
-2,79200,ASH_COATED_OSMIUM,9994.0,10.0,9991.0,29.0,,,10010.0,10.0,,,,,10002.0,0.0,0.06967299578059072,6.0,7.383570338622124,True
-2,79400,ASH_COATED_OSMIUM,9992.0,15.0,9990.0,20.0,,,10008.0,15.0,10011.0,20.0,,,10000.0,0.0,0.06668424753867792,3.0,7.012197051445932,True
-2,79500,ASH_COATED_OSMIUM,9992.0,10.0,,,,,10008.0,10.0,,,,,10000.0,0.0,0.06455110173464604,3.0,6.730894774067454,True
-2,79600,ASH_COATED_OSMIUM,9992.0,11.0,,,,,10008.0,11.0,,,,,10000.0,0.0,0.06234763244256915,3.0,6.4499289187564885,True
-2,79700,ASH_COATED_OSMIUM,9992.0,13.0,9990.0,30.0,,,10008.0,13.0,,,,,10000.0,0.0,0.06007383966244726,3.0,6.169234717159045,True
-2,79800,ASH_COATED_OSMIUM,9990.0,20.0,,,,,10011.0,20.0,,,,,10000.5,0.0,0.05819268635724332,3.5,5.952805394113954,True
-2,79900,ASH_COATED_OSMIUM,10001.0,8.0,9992.0,10.0,,,10008.0,10.0,,,,,10004.5,0.0,0.059933192686357245,7.5,6.081788821485388,True
-2,80000,ASH_COATED_OSMIUM,9992.0,11.0,9989.0,30.0,,,10008.0,11.0,10010.0,30.0,,,10000.0,0.0,0.05733122362869198,1.5,5.775974010945182,False
-2,80100,ASH_COATED_OSMIUM,9992.0,12.0,9989.0,30.0,,,10008.0,12.0,,,,,10000.0,0.0,0.056082981715893106,1.0,5.615699562657046,False
-2,80200,ASH_COATED_OSMIUM,9992.0,11.0,9989.0,25.0,,,10008.0,11.0,10010.0,25.0,,,10000.0,0.0,0.05527426160337553,3.5,5.510043301905601,False
-2,80300,ASH_COATED_OSMIUM,9991.0,10.0,9989.0,29.0,,,10007.0,10.0,10010.0,29.0,,,9999.0,0.0,0.051142756680731365,1.0,5.040269756416353,False
-2,80400,ASH_COATED_OSMIUM,9991.0,14.0,9989.0,23.0,,,10007.0,14.0,,,,,9999.0,0.0,0.04837669948429442,-2.0,4.707633945040897,False
-2,80500,ASH_COATED_OSMIUM,9992.0,12.0,,,,,10008.0,12.0,,,,,10000.0,0.0,0.04936122831692452,2.0,4.839067394485831,False
-2,80600,ASH_COATED_OSMIUM,9992.0,14.0,9989.0,26.0,,,10008.0,14.0,10010.0,26.0,,,10000.0,0.0,0.0475210970464135,3.0,4.6341082525865005,False
-2,80700,ASH_COATED_OSMIUM,9992.0,10.0,9989.0,27.0,,,10008.0,10.0,10010.0,27.0,,,10000.0,0.0,0.044684716361931553,2.0,4.344607639091082,False
-2,80800,ASH_COATED_OSMIUM,9991.0,10.0,,,,,10010.0,25.0,,,,,10000.5,0.0,0.04319034224097515,2.5,4.189696234708214,False
-2,80900,ASH_COATED_OSMIUM,9991.0,11.0,9989.0,28.0,,,10007.0,11.0,10010.0,28.0,,,9999.0,0.0,0.04024847632442569,0.0,3.8644495217901897,False
-2,81000,ASH_COATED_OSMIUM,9991.0,15.0,9989.0,30.0,,,10010.0,30.0,,,,,10000.5,0.0,0.03962142522269105,2.5,3.798284529223673,False
-2,81100,ASH_COATED_OSMIUM,9989.0,28.0,,,,,10008.0,12.0,,,,,9998.5,0.0,0.036157993436474446,1.5,3.422360268061836,False
-2,81200,ASH_COATED_OSMIUM,9991.0,11.0,,,,,10007.0,11.0,10010.0,26.0,,,9999.0,0.0,0.032196436943272386,-0.5,3.034752524941248,False
-2,81300,ASH_COATED_OSMIUM,9991.0,14.0,9989.0,20.0,,,10007.0,14.0,10010.0,20.0,,,9999.0,0.0,0.030561415846225973,0.0,2.860662494799267,False
-2,81400,ASH_COATED_OSMIUM,9992.0,11.0,9989.0,21.0,,,10008.0,11.0,10010.0,21.0,,,10000.0,0.0,0.029389357712142523,1.0,2.744646011702502,False
-2,81500,ASH_COATED_OSMIUM,9991.0,10.0,9989.0,28.0,,,10010.0,28.0,,,,,10000.5,0.0,0.028656821378340365,-3.0,2.673986015427317,False
-2,81600,ASH_COATED_OSMIUM,9991.0,12.0,9989.0,20.0,,,10007.0,12.0,10010.0,20.0,,,9999.0,0.0,0.030772386310360993,4.0,2.9315196286932728,False
-2,81700,ASH_COATED_OSMIUM,9992.0,12.0,,,,,10008.0,12.0,10010.0,25.0,,,10000.0,0.0,0.025849742147210503,2.0,2.5122515553172033,False
-2,81900,ASH_COATED_OSMIUM,9991.0,13.0,9989.0,25.0,,,10010.0,25.0,,,,,10000.5,0.0,0.024120956399437413,3.5,2.347316994613421,False
-2,82000,ASH_COATED_OSMIUM,9991.0,13.0,9988.0,30.0,,,10007.0,13.0,10009.0,30.0,,,9999.0,0.0,0.019995311767463667,-1.5,1.9487059591963956,False
-2,82100,ASH_COATED_OSMIUM,9988.0,21.0,,,,,10007.0,15.0,10009.0,21.0,,,9997.5,0.0,0.017756680731364275,-1.5,1.7045360119916635,False
-2,82200,ASH_COATED_OSMIUM,9991.0,11.0,9988.0,28.0,,,10007.0,11.0,10009.0,28.0,,,9999.0,0.0,0.015553211439287389,-0.5,1.4865847771310414,False
-2,82300,ASH_COATED_OSMIUM,9990.0,10.0,9988.0,26.0,,,10009.0,26.0,,,,,9999.5,0.0,0.014287388654477262,1.5,1.3625859340796422,False
-2,82500,ASH_COATED_OSMIUM,9990.0,10.0,9988.0,24.0,,,10006.0,10.0,10009.0,24.0,,,9998.0,0.0,0.010208626347866854,0.0,0.9679725945897175,False
-2,82600,ASH_COATED_OSMIUM,9988.0,21.0,,,,,10007.0,14.0,10009.0,21.0,,,9997.5,0.0,0.005666901078293483,-0.5,0.5333833655067516,False
-2,82700,ASH_COATED_OSMIUM,9988.0,30.0,,,,,10007.0,12.0,,,,,9997.5,0.0,0.001136896390060947,-1.5,0.10648015326996275,False
-2,82800,ASH_COATED_OSMIUM,9991.0,10.0,,,,,10009.0,21.0,,,,,10000.0,0.0,-0.00011720581340834506,0.0,-0.01099594592743523,False
-2,83000,ASH_COATED_OSMIUM,9991.0,15.0,,,,,10007.0,15.0,10009.0,30.0,,,9999.0,0.0,-0.0013713080168776372,1.0,-0.12843907041275496,False
