day;timestamp;product;bid_price_1;bid_volume_1;bid_price_2;bid_volume_2;bid_price_3;bid_volume_3;ask_price_1;ask_volume_1;ask_price_2;ask_volume_2;ask_price_3;ask_volume_3;mid_price;profit_and_loss
1;0;SQUID_INK;1834;23;;;;;1838;23;;;;;1836.0;0.0
1;0;RAINFOREST_RESIN;9992;31;;;;;10008;31;;;;;10000.0;0.0
1;0;KELP;2032;23;;;;;2035;23;;;;;2033.5;0.0
1;100;KELP;2034;1;2033;2;2032;22;2035;22;;;;;2034.5;0.0
1;100;SQUID_INK;1838;1;1837;2;1836;22;1839;22;;;;;1838.5;0.0
1;100;RAINFOREST_RESIN;9992;27;;;;;10008;27;;;;;10000.0;42.0
1;200;RAINFOREST_RESIN;10001;1;9992;25;;;10008;25;;;;;10004.5;56.0
1;200;KELP;2032;1;2031;21;;;2035;22;;;;;2033.5;0.8240966796875
1;200;SQUID_INK;1839;22;;;;;1842;22;;;;;1840.5;0.0
1;300;KELP;2034;1;2032;26;;;2035;26;;;;;2034.5;1.534423828125
1;300;SQUID_INK;1843;1;1841;26;;;1844;26;;;;;1843.5;0.0
1;300;RAINFOREST_RESIN;10001;1;9992;32;;;10008;32;;;;;10004.5;57.0
1;400;SQUID_INK;1842;28;;;;;1845;28;;;;;1843.5;0.0
1;400;RAINFOREST_RESIN;9992;28;;;;;10003;6;10008;28;;;9997.5;58.0
1;400;KELP;2032;2;2031;26;;;2035;28;;;;;2033.5;2.3955078125
1;500;KELP;2032;1;2031;23;;;2033;3;2035;24;;;2032.5;2.541015625
1;500;SQUID_INK;1839;1;1838;23;;;1840;3;1842;24;;;1839.5;0.0
1;500;RAINFOREST_RESIN;9992;34;;;;;10008;34;;;;;10000.0;58.0
1;600;RAINFOREST_RESIN;9997;3;9992;27;;;10008;27;;;;;10002.5;58.0
1;600;KELP;2033;5;2032;2;2031;28;2035;30;;;;;2034.0;2.47998046875
1;600;SQUID_INK;1840;5;1838;30;;;1841;30;;;;;1840.5;0.0
1;700;KELP;2031;22;;;;;2035;23;;;;;2033.0;2.59765625
1;700;SQUID_INK;1834;22;;;;;1837;23;;;;;1835.5;0.0
1;700;RAINFOREST_RESIN;9992;33;;;;;10008;33;;;;;10000.0;78.0
1;800;SQUID_INK;1833;25;;;;;1834;3;1836;25;;;1833.5;0.0
1;800;RAINFOREST_RESIN;9992;35;;;;;10008;35;;;;;10000.0;78.0
1;800;KELP;2032;1;2031;24;;;2033;3;2035;25;;;2032.5;2.380859375
1;900;SQUID_INK;1834;21;;;;;1837;21;;;;;1835.5;0.0
1;900;KELP;2032;1;2031;20;;;2035;21;;;;;2033.5;2.3505859375
1;900;RAINFOREST_RESIN;9992;27;;;;;9997;11;10008;27;;;9994.5;78.0
1;1000;RAINFOREST_RESIN;9992;29;;;;;10008;29;;;;;10000.0;111.0
1;1000;KELP;2032;31;;;;;2035;31;;;;;2033.5;1.8310546875
1;1000;SQUID_INK;1835;31;;;;;1838;31;;;;;1836.5;0.0
1;1100;SQUID_INK;1836;22;;;;;1839;22;;;;;1837.5;0.0
1;1100;KELP;2032;22;;;;;2035;22;;;;;2033.5;1.58544921875
1;1100;RAINFOREST_RESIN;9992;28;;;;;10008;28;;;;;10000.0;111.0
1;1200;SQUID_INK;1836;23;;;;;1837;1;1839;1;1840;22;1836.5;0.0
1;1200;RAINFOREST_RESIN;9992;32;;;;;10008;32;;;;;10000.0;111.0
1;1200;KELP;2032;22;;;;;2035;23;;;;;2033.5;1.5576171875
1;1300;SQUID_INK;1839;25;;;;;1842;25;;;;;1840.5;0.0
1;1300;KELP;2032;25;;;;;2035;25;;;;;2033.5;2.16455078125
1;1300;RAINFOREST_RESIN;9992;32;;;;;10008;32;;;;;10000.0;111.0
1;1400;RAINFOREST_RESIN;10001;1;9992;28;;;10008;28;;;;;10004.5;111.0
1;1400;KELP;2032;23;;;;;2033;6;2035;23;;;2032.5;1.79736328125
1;1400;SQUID_INK;1841;23;;;;;1842;6;1844;23;;;1841.5;0.0
1;1500;SQUID_INK;1844;1;1843;1;1842;20;1846;21;;;;;1845.0;0.0
1;1500;KELP;2034;1;2032;21;;;2035;21;;;;;2034.5;4.54150390625
1;1500;RAINFOREST_RESIN;9997;2;9992;28;;;10008;28;;;;;10002.5;112.0
1;1600;SQUID_INK;1842;30;;;;;1845;30;;;;;1843.5;0.0
1;1600;RAINFOREST_RESIN;9992;26;;;;;10008;26;;;;;10000.0;112.0
1;1600;KELP;2032;30;;;;;2035;30;;;;;2033.5;5.511962890625
1;1700;SQUID_INK;1844;28;;;;;1846;8;1848;28;;;1845.0;0.0
1;1700;KELP;2032;28;;;;;2034;8;2036;28;;;2033.0;5.615234375
1;1700;RAINFOREST_RESIN;9992;35;;;;;10008;35;;;;;10000.0;112.0
1;1800;RAINFOREST_RESIN;10002;3;9992;29;;;10008;29;;;;;10005.0;112.0
1;1800;KELP;2033;4;2032;23;;;2036;23;;;;;2034.5;5.877685546875
1;1800;SQUID_INK;1847;4;1846;23;;;1849;23;;;;;1848.0;0.0
1;1900;KELP;2032;31;;;;;2036;32;;;;;2034.0;5.852294921875
1;1900;SQUID_INK;1847;1;1846;30;;;1850;32;;;;;1848.5;0.0
1;1900;RAINFOREST_RESIN;9992;27;;;;;10008;27;;;;;10000.0;118.0
1;2000;KELP;2032;23;;;;;2036;23;;;;;2034.0;6.16357421875
1;2000;SQUID_INK;1848;2;1847;21;;;1851;23;;;;;1849.5;0.0
1;2000;RAINFOREST_RESIN;9992;34;;;;;10008;34;;;;;10000.0;118.0
1;2100;SQUID_INK;1848;28;;;;;1850;5;1851;28;;;1849.0;0.0
1;2100;RAINFOREST_RESIN;9992;25;;;;;10008;25;;;;;10000.0;118.0
1;2100;KELP;2032;28;;;;;2034;5;2036;28;;;2033.0;6.02587890625
1;2200;RAINFOREST_RESIN;9992;30;;;;;10008;30;;;;;10000.0;146.0
1;2200;KELP;2033;4;2032;21;;;2036;21;;;;;2034.5;6.08935546875
1;2200;SQUID_INK;1849;25;;;;;1852;21;;;;;1850.5;0.0
1;2300;KELP;2033;5;2032;24;;;2036;24;;;;;2034.5;6.0703125
1;2300;SQUID_INK;1849;29;;;;;1852;24;;;;;1850.5;0.0
1;2300;RAINFOREST_RESIN;9992;27;;;;;10008;27;;;;;10000.0;146.0
1;2400;KELP;2032;22;;;;;2036;22;;;;;2034.0;6.196044921875
1;2400;SQUID_INK;1847;22;;;;;1850;22;;;;;1848.5;0.0
1;2400;RAINFOREST_RESIN;9992;33;;;;;10008;33;;;;;10000.0;146.0
1;2500;SQUID_INK;1850;23;;;;;1853;23;;;;;1851.5;0.0
1;2500;RAINFOREST_RESIN;9997;5;9992;28;;;10008;28;;;;;10002.5;146.0
1;2500;KELP;2032;23;;;;;2036;23;;;;;2034.0;6.17529296875
1;2600;RAINFOREST_RESIN;9992;33;;;;;10008;33;;;;;10000.0;181.0
1;2600;KELP;2033;30;;;;;2036;30;;;;;2034.5;6.681640625
1;2600;SQUID_INK;1851;30;;;;;1854;30;;;;;1852.5;0.0
1;2700;KELP;2033;30;;;;;2036;23;;;;;2034.5;6.5419921875
1;2700;SQUID_INK;1853;30;;;;;1856;23;;;;;1854.5;0.0
1;2700;RAINFOREST_RESIN;10001;1;9992;34;;;10008;34;;;;;10004.5;181.0
1;2800;KELP;2033;27;;;;;2036;27;;;;;2034.5;6.746826171875
1;2800;SQUID_INK;1853;27;;;;;1857;27;;;;;1855.0;0.0
1;2800;RAINFOREST_RESIN;9997;2;9992;28;;;10008;28;;;;;10002.5;182.0
1;2900;SQUID_INK;1853;22;;;;;1856;22;;;;;1854.5;0.0
1;2900;RAINFOREST_RESIN;9992;28;;;;;10008;28;;;;;10000.0;182.0
1;2900;KELP;2032;22;;;;;2036;22;;;;;2034.0;5.947998046875
1;3000;RAINFOREST_RESIN;9992;30;;;;;10008;30;;;;;10000.0;182.0
1;3000;KELP;2035;1;2033;35;;;2036;30;;;;;2035.5;6.68115234375
1;3000;SQUID_INK;1855;1;1853;35;;;1856;30;;;;;1855.5;0.0
1;3100;KELP;2032;28;;;;;2036;28;;;;;2034.0;7.0772705078125
1;3100;SQUID_INK;1851;28;;;;;1854;28;;;;;1852.5;0.0
1;3100;RAINFOREST_RESIN;9992;35;;;;;10008;35;;;;;10000.0;182.0
1;3200;KELP;2032;24;;;;;2034;5;2036;24;;;2033.0;7.1971435546875
1;3200;SQUID_INK;1851;24;;;;;1852;5;1854;24;;;1851.5;0.0
1;3200;RAINFOREST_RESIN;10003;3;9992;27;;;10008;27;;;;;10005.5;182.0
1;3300;SQUID_INK;1851;25;;;;;1854;25;;;;;1852.5;0.0
1;3300;RAINFOREST_RESIN;9992;29;;;;;10008;29;;;;;10000.0;191.0
1;3300;KELP;2033;1;2032;24;;;2036;25;;;;;2034.5;7.17724609375
1;3400;RAINFOREST_RESIN;9992;32;;;;;9998;3;10008;32;;;9995.0;191.0
1;3400;KELP;2033;2;2032;27;;;2036;29;;;;;2034.5;7.126953125
1;3400;SQUID_INK;1850;29;;;;;1853;29;;;;;1851.5;0.0
1;3500;KELP;2032;26;;;;;2036;26;;;;;2034.0;7.1976318359375
1;3500;SQUID_INK;1852;26;;;;;1855;26;;;;;1853.5;0.0
1;3500;RAINFOREST_RESIN;9992;25;;;;;10008;25;;;;;10000.0;197.0
1;3600;KELP;2033;27;;;;;2036;27;;;;;2034.5;7.26904296875
1;3600;SQUID_INK;1850;27;;;;;1853;27;;;;;1851.5;0.0
1;3600;RAINFOREST_RESIN;9992;27;;;;;10008;27;;;;;10000.0;197.0
1;3700;SQUID_INK;1851;25;;;;;1854;25;;;;;1852.5;0.0
1;3700;RAINFOREST_RESIN;9992;28;;;;;9999;1;10008;28;;;9995.5;197.0
1;3700;KELP;2033;25;;;;;2036;25;;;;;2034.5;7.2493896484375
1;3800;RAINFOREST_RESIN;9992;35;;;;;10008;35;;;;;10000.0;198.0
1;3800;KELP;2033;24;;;;;2035;7;2036;24;;;2034.0;7.248779296875
1;3800;SQUID_INK;1849;24;;;;;1851;7;1852;24;;;1850.0;0.0
1;3900;KELP;2033;27;;;;;2036;26;;;;;2034.5;7.26953125
1;3900;SQUID_INK;1850;27;;;;;1853;26;;;;;1851.5;0.0
1;3900;RAINFOREST_RESIN;9992;35;;;;;10008;35;;;;;10000.0;198.0
1;4000;KELP;2032;30;;;;;2036;31;;;;;2034.0;7.1768798828125
1;4000;SQUID_INK;1850;31;;;;;1851;1;1853;1;1854;30;1850.5;0.0
1;4000;RAINFOREST_RESIN;9997;6;9992;30;;;10008;30;;;;;10002.5;198.0
1;4100;RAINFOREST_RESIN;9997;2;9992;34;;;10008;34;;;;;10002.5;198.0
1;4100;SQUID_INK;1852;5;1851;24;;;1854;24;;;;;1853.0;0.0
1;4100;KELP;2033;5;2032;24;;;2036;24;;;;;2034.5;6.9906005859375
1;4200;RAINFOREST_RESIN;9992;25;;;;;10008;25;;;;;10000.0;198.0
1;4200;KELP;2032;29;;;;;2034;7;2036;29;;;2033.0;7.0950927734375
1;4200;SQUID_INK;1852;29;;;;;1854;7;1855;29;;;1853.0;0.0
1;4300;KELP;2032;26;;;;;2033;2;2036;26;;;2032.5;6.87939453125
1;4300;RAINFOREST_RESIN;9992;26;;;;;10008;26;;;;;10000.0;198.0
1;4300;SQUID_INK;1853;26;;;;;1854;2;1857;26;;;1853.5;0.0
1;4400;KELP;2032;28;;;;;2035;28;;;;;2033.5;8.30615234375
1;4400;SQUID_INK;1853;28;;;;;1856;28;;;;;1854.5;0.0
1;4400;RAINFOREST_RESIN;9992;30;;;;;10008;30;;;;;10000.0;198.0
1;4500;RAINFOREST_RESIN;9992;34;;;;;10008;34;;;;;10000.0;198.0
1;4500;SQUID_INK;1852;26;;;;;1854;8;1855;26;;;1853.0;0.0
1;4500;KELP;2032;26;;;;;2034;8;2036;26;;;2033.0;8.4033203125
1;4600;RAINFOREST_RESIN;9992;31;;;;;10008;31;;;;;10000.0;198.0
1;4600;KELP;2032;21;;;;;2034;3;2036;21;;;2033.0;8.4990234375
1;4600;SQUID_INK;1854;21;;;;;1856;3;1857;21;;;1855.0;0.0
1;4700;KELP;2032;26;;;;;2035;26;;;;;2033.5;8.1240234375
1;4700;RAINFOREST_RESIN;9992;27;;;;;10008;27;;;;;10000.0;198.0
1;4700;SQUID_INK;1854;26;;;;;1857;26;;;;;1855.5;0.0
1;4800;KELP;2034;1;2033;7;2032;23;2036;23;;;;;2035.0;8.6806640625
1;4800;SQUID_INK;1856;1;1854;30;;;1857;23;;;;;1856.5;0.0
1;4800;RAINFOREST_RESIN;9992;25;;;;;9999;1;10008;25;;;9995.5;198.0
1;4900;RAINFOREST_RESIN;9997;7;9992;28;;;10008;28;;;;;10002.5;199.0
1;4900;SQUID_INK;1853;24;;;;;1855;6;1856;24;;;1854.0;0.0
1;4900;KELP;2032;24;;;;;2034;6;2035;2;2036;22;2033.0;8.3466796875
1;5000;RAINFOREST_RESIN;9992;27;;;;;10008;27;;;;;10000.0;199.0
1;5000;KELP;2033;5;2032;31;;;2035;1;2036;30;;;2034.0;8.50048828125
1;5000;SQUID_INK;1854;6;1853;30;;;1857;31;;;;;1855.5;0.0
1;5100;KELP;2032;26;;;;;2036;26;;;;;2034.0;8.4423828125
1;5100;RAINFOREST_RESIN;9992;28;;;;;10008;28;;;;;10000.0;199.0
1;5100;SQUID_INK;1852;26;;;;;1855;26;;;;;1853.5;0.0
1;5200;SQUID_INK;1854;5;1853;31;;;1856;25;;;;;1855.0;0.0
1;5200;KELP;2033;5;2032;31;;;2035;2;2036;23;;;2034.0;8.41259765625
1;5200;RAINFOREST_RESIN;9992;35;;;;;10008;35;;;;;10000.0;199.0
1;5300;RAINFOREST_RESIN;9992;29;;;;;9997;12;10008;29;;;9994.5;199.0
1;5300;SQUID_INK;1852;22;;;;;1855;22;;;;;1853.5;0.0
1;5300;KELP;2032;22;;;;;2036;22;;;;;2034.0;12.6884765625
1;5400;RAINFOREST_RESIN;9992;25;;;;;10008;25;;;;;10000.0;277.0
1;5400;SQUID_INK;1853;30;;;;;1856;30;;;;;1854.5;0.0
1;5400;KELP;2032;30;;;;;2036;30;;;;;2034.0;12.8271484375
1;5500;KELP;2032;29;;;;;2033;8;2036;29;;;2032.5;14.2177734375
1;5500;RAINFOREST_RESIN;9992;32;;;;;10008;32;;;;;10000.0;277.0
1;5500;SQUID_INK;1854;21;;;;;1857;29;;;;;1855.5;0.0
1;5600;SQUID_INK;1851;25;;;;;1854;2;1855;23;;;1852.5;0.0
1;5600;KELP;2032;25;;;;;2036;25;;;;;2034.0;22.51171875
1;5600;RAINFOREST_RESIN;9992;34;;;;;10003;7;10008;34;;;9997.5;277.0
1;5700;RAINFOREST_RESIN;9992;33;;;;;10008;33;;;;;10000.0;277.0
1;5700;SQUID_INK;1850;34;;;;;1853;31;;;;;1851.5;0.0
1;5700;KELP;2033;4;2032;30;;;2036;31;;;;;2034.5;24.17578125
1;5800;RAINFOREST_RESIN;9992;25;;;;;10008;25;;;;;10000.0;277.0
1;5800;SQUID_INK;1851;2;1850;28;;;1854;30;;;;;1852.5;0.0
1;5800;KELP;2032;30;;;;;2036;30;;;;;2034.0;23.6015625
1;5900;KELP;2032;23;;;;;2036;23;;;;;2034.0;23.19140625
1;5900;RAINFOREST_RESIN;9992;30;;;;;10008;30;;;;;10000.0;277.0
1;5900;SQUID_INK;1851;2;1850;21;;;1854;23;;;;;1852.5;0.0
1;6000;SQUID_INK;1853;30;;;;;1856;30;;;;;1854.5;0.0
1;6000;KELP;2032;30;;;;;2036;30;;;;;2034.0;22.46875
1;6000;RAINFOREST_RESIN;9992;28;;;;;10008;28;;;;;10000.0;277.0
1;6100;RAINFOREST_RESIN;9992;33;;;;;10003;4;10008;33;;;9997.5;326.0
1;6100;SQUID_INK;1853;25;;;;;1856;25;;;;;1854.5;0.0
1;6100;KELP;2033;1;2032;24;;;2036;25;;;;;2034.5;23.845703125
1;6200;RAINFOREST_RESIN;9992;28;;;;;10008;28;;;;;10000.0;326.0
1;6200;SQUID_INK;1855;1;1853;30;;;1856;30;;;;;1855.5;0.0
1;6200;KELP;2035;1;2032;30;;;2036;30;;;;;2035.5;22.578125
1;6300;KELP;2032;22;;;;;2036;22;;;;;2034.0;23.943359375
1;6300;RAINFOREST_RESIN;9992;28;;;;;10008;28;;;;;10000.0;326.0
1;6300;SQUID_INK;1855;22;;;;;1858;22;;;;;1856.5;0.0
1;6400;SQUID_INK;1855;24;;;;;1858;24;;;;;1856.5;0.0
1;6400;KELP;2033;1;2032;23;;;2036;24;;;;;2034.5;34.295166015625
1;6400;RAINFOREST_RESIN;9992;31;;;;;10003;2;10008;31;;;9997.5;326.0
1;6500;RAINFOREST_RESIN;10002;3;9992;30;;;10008;30;;;;;10005.0;326.0
1;6500;SQUID_INK;1856;22;;;;;1859;22;;;;;1857.5;0.0
1;6500;KELP;2032;22;;;;;2036;22;;;;;2034.0;34.31787109375
1;6600;RAINFOREST_RESIN;9992;26;;;;;10008;26;;;;;10000.0;332.0
1;6600;SQUID_INK;1856;27;;;;;1857;5;1860;29;;;1856.5;0.0
1;6600;KELP;2032;27;;;;;2033;5;2036;29;;;2032.5;34.399658203125
1;6700;KELP;2033;31;;;;;2035;7;2036;31;;;2034.0;42.0830078125
1;6700;RAINFOREST_RESIN;9992;28;;;;;10008;28;;;;;10000.0;360.0
1;6700;SQUID_INK;1857;31;;;;;1859;7;1860;31;;;1858.0;0.0
1;6800;SQUID_INK;1858;4;1857;31;;;1860;31;;;;;1859.0;0.0
1;6800;KELP;2034;4;2033;2;2032;29;2036;31;;;;;2035.0;40.2109375
1;6800;RAINFOREST_RESIN;9992;25;;;;;10008;25;;;;;10000.0;360.0
1;6900;RAINFOREST_RESIN;9992;31;;;;;10008;31;;;;;10000.0;402.0
1;6900;SQUID_INK;1858;29;;;;;1860;3;1861;29;;;1859.0;0.0
1;6900;KELP;2033;29;;;;;2035;3;2036;29;;;2034.0;40.634765625
1;7000;RAINFOREST_RESIN;9992;27;;;;;10008;27;;;;;10000.0;451.0
1;7000;SQUID_INK;1858;38;;;;;1861;31;;;;;1859.5;0.0
1;7000;KELP;2033;38;;;;;2036;31;;;;;2034.5;40.77734375
1;7100;KELP;2033;1;2032;30;;;2036;31;;;;;2034.5;40.48828125
1;7100;RAINFOREST_RESIN;9992;31;;;;;10008;31;;;;;10000.0;451.0
1;7100;SQUID_INK;1859;31;;;;;1862;31;;;;;1860.5;0.0
1;7200;SQUID_INK;1859;29;;;;;1862;23;;;;;1860.5;0.0
1;7200;KELP;2033;7;2032;22;;;2036;23;;;;;2034.5;40.275390625
1;7200;RAINFOREST_RESIN;9992;33;;;;;10008;33;;;;;10000.0;451.0
1;7300;RAINFOREST_RESIN;9992;27;;;;;10008;27;;;;;10000.0;451.0
1;7300;SQUID_INK;1860;26;;;;;1863;26;;;;;1861.5;0.0
1;7300;KELP;2033;1;2032;25;;;2036;26;;;;;2034.5;40.2060546875
1;7400;RAINFOREST_RESIN;9992;34;;;;;10008;34;;;;;10000.0;451.0
1;7400;SQUID_INK;1860;22;;;;;1863;22;;;;;1861.5;0.0
1;7400;KELP;2032;22;;;;;2036;22;;;;;2034.0;38.2705078125
1;7500;KELP;2032;29;;;;;2034;3;2036;29;;;2033.0;51.6259765625
1;7500;RAINFOREST_RESIN;9992;34;;;;;10008;34;;;;;10000.0;465.0
1;7500;SQUID_INK;1860;29;;;;;1861;3;1863;29;;;1860.5;0.0
1;7600;SQUID_INK;1859;27;;;;;1862;27;;;;;1860.5;0.0
1;7600;KELP;2032;27;;;;;2036;27;;;;;2034.0;51.740234375
1;7600;RAINFOREST_RESIN;9992;30;;;;;10008;30;;;;;10000.0;465.0
1;7700;RAINFOREST_RESIN;9997;6;9992;27;;;10008;27;;;;;10002.5;465.0
1;7700;SQUID_INK;1859;26;;;;;1862;26;;;;;1860.5;0.0
1;7700;KELP;2032;26;;;;;2036;26;;;;;2034.0;51.8583984375
1;7800;RAINFOREST_RESIN;9992;31;;;;;10008;31;;;;;10000.0;465.0
1;7800;SQUID_INK;1861;1;1860;23;;;1864;23;;;;;1862.5;0.0
1;7800;KELP;2033;1;2032;23;;;2036;23;;;;;2034.5;50.9384765625
1;7900;KELP;2033;24;;;;;2036;24;;;;;2034.5;49.5927734375
1;7900;RAINFOREST_RESIN;9992;35;;;;;10008;35;;;;;10000.0;465.0
1;7900;SQUID_INK;1861;24;;;;;1864;24;;;;;1862.5;0.0
1;8000;SQUID_INK;1863;1;1862;3;1861;30;1864;30;;;;;1863.5;0.0
1;8000;KELP;2035;1;2034;3;2033;30;2036;30;;;;;2035.5;49.5439453125
1;8000;RAINFOREST_RESIN;9992;32;;;;;10008;32;;;;;10000.0;465.0
1;8100;SQUID_INK;1860;25;;;;;1864;25;;;;;1862.0;0.0
1;8100;KELP;2033;25;;;;;2036;25;;;;;2034.5;50.43359375
1;8100;RAINFOREST_RESIN;9992;30;;;;;10008;30;;;;;10000.0;465.0
1;8200;SQUID_INK;1862;2;1861;25;;;1865;27;;;;;1863.5;0.0
1;8200;RAINFOREST_RESIN;9992;34;;;;;10008;34;;;;;10000.0;521.0
1;8200;KELP;2033;27;;;;;2036;27;;;;;2034.5;50.2333984375
1;8300;KELP;2033;28;;;;;2036;28;;;;;2034.5;50.314453125
1;8300;RAINFOREST_RESIN;9992;33;;;;;10008;33;;;;;10000.0;521.0
1;8300;SQUID_INK;1861;28;;;;;1864;28;;;;;1862.5;0.0
1;8400;SQUID_INK;1860;29;;;;;1864;29;;;;;1862.0;0.0
1;8400;RAINFOREST_RESIN;10002;4;9992;30;;;10008;30;;;;;10005.0;521.0
1;8400;KELP;2033;29;;;;;2036;29;;;;;2034.5;50.806640625
1;8500;SQUID_INK;1861;35;;;;;1864;27;;;;;1862.5;0.0
1;8500;KELP;2033;35;;;;;2036;27;;;;;2034.5;50.93359375
1;8500;RAINFOREST_RESIN;9992;29;;;;;10008;29;;;;;10000.0;536.0
1;8600;SQUID_INK;1861;29;;;;;1864;2;1865;27;;;1862.5;0.0
1;8600;RAINFOREST_RESIN;9992;32;;;;;10008;32;;;;;10000.0;536.0
1;8600;KELP;2033;29;;;;;2036;29;;;;;2034.5;50.263671875
1;8700;KELP;2035;1;2033;32;;;2036;24;;;;;2035.5;50.0849609375
1;8700;SQUID_INK;1863;1;1861;10;1860;22;1864;24;;;;;1863.5;0.0
1;8700;RAINFOREST_RESIN;9992;33;;;;;10008;33;;;;;10000.0;536.0
1;8800;RAINFOREST_RESIN;9992;26;;;;;10008;26;;;;;10000.0;536.0
1;8800;KELP;2033;31;;;;;2036;31;;;;;2034.5;50.1708984375
1;8800;SQUID_INK;1863;31;;;;;1866;31;;;;;1864.5;0.0
1;8900;KELP;2033;28;;;;;2036;26;;;;;2034.5;49.7265625
1;8900;SQUID_INK;1864;28;;;;;1867;26;;;;;1865.5;0.0
1;8900;RAINFOREST_RESIN;9992;32;;;;;10008;32;;;;;10000.0;536.0
1;9000;SQUID_INK;1864;23;;;;;1867;23;;;;;1865.5;0.0
1;9000;RAINFOREST_RESIN;9997;6;9992;33;;;10008;33;;;;;10002.5;536.0
1;9000;KELP;2033;23;;;;;2036;23;;;;;2034.5;49.8681640625
1;9100;KELP;2033;27;;;;;2036;22;;;;;2034.5;49.8701171875
1;9100;SQUID_INK;1865;5;1864;22;;;1867;22;;;;;1866.0;0.0
1;9100;RAINFOREST_RESIN;9992;35;;;;;10008;35;;;;;10000.0;536.0
1;9200;RAINFOREST_RESIN;9992;31;;;;;10008;31;;;;;10000.0;536.0
1;9200;KELP;2033;30;;;;;2036;27;;;;;2034.5;51.0166015625
1;9200;SQUID_INK;1865;30;;;;;1868;27;;;;;1866.5;0.0
1;9300;KELP;2033;30;;;;;2036;30;;;;;2034.5;49.9296875
1;9300;SQUID_INK;1864;30;;;;;1868;30;;;;;1866.0;0.0
1;9300;RAINFOREST_RESIN;10003;11;9992;26;;;10008;26;;;;;10005.5;536.0
1;9400;SQUID_INK;1866;3;1865;30;;;1868;30;;;;;1867.0;0.0
1;9400;RAINFOREST_RESIN;9992;29;;;;;10008;29;;;;;10000.0;569.0
1;9400;KELP;2033;33;;;;;2036;30;;;;;2034.5;51.4521484375
1;9500;KELP;2033;26;;;;;2036;26;;;;;2034.5;51.4501953125
1;9500;SQUID_INK;1865;26;;;;;1868;26;;;;;1866.5;0.0
1;9500;RAINFOREST_RESIN;9992;27;;;;;10008;27;;;;;10000.0;569.0
1;9600;RAINFOREST_RESIN;9992;25;;;;;10008;25;;;;;10000.0;569.0
1;9600;KELP;2033;21;;;;;2036;21;;;;;2034.5;50.033203125
1;9600;SQUID_INK;1867;21;;;;;1870;21;;;;;1868.5;0.0
1;9700;SQUID_INK;1866;31;;;;;1867;5;1868;5;1869;31;1866.5;0.0
1;9700;KELP;2033;31;;;;;2034;5;2035;5;2036;31;2033.5;50.5263671875
1;9700;RAINFOREST_RESIN;9992;28;;;;;10008;28;;;;;10000.0;569.0
1;9800;SQUID_INK;1865;26;;;;;1868;26;;;;;1866.5;0.0
1;9800;RAINFOREST_RESIN;9992;26;;;;;10008;26;;;;;10000.0;569.0
1;9800;KELP;2033;26;;;;;2036;26;;;;;2034.5;53.127685546875
1;9900;SQUID_INK;1866;24;;;;;1869;24;;;;;1867.5;0.0
1;9900;KELP;2033;24;;;;;2036;24;;;;;2034.5;53.003662109375
1;9900;RAINFOREST_RESIN;10001;1;9992;29;;;10008;29;;;;;10004.5;569.0
1;10000;RAINFOREST_RESIN;9992;28;;;;;10000;4;10008;28;;;9996.0;570.0
1;10000;KELP;2033;27;;;;;2036;27;;;;;2034.5;53.41259765625
1;10000;SQUID_INK;1867;27;;;;;1870;27;;;;;1868.5;0.0
1;10100;SQUID_INK;1867;21;;;;;1869;5;1870;21;;;1868.0;0.0
1;10100;KELP;2033;1;2032;20;;;2034;5;2036;21;;;2033.5;53.6806640625
1;10100;RAINFOREST_RESIN;9992;28;;;;;10008;28;;;;;10000.0;570.0
1;10200;SQUID_INK;1869;20;;;;;1872;20;;;;;1870.5;0.0
1;10200;RAINFOREST_RESIN;9997;4;9992;31;;;10008;31;;;;;10002.5;570.0
1;10200;KELP;2033;20;;;;;2036;20;;;;;2034.5;53.479736328125
1;10300;SQUID_INK;1869;5;1868;25;;;1871;25;;;;;1870.0;0.0
1;10300;KELP;2033;30;;;;;2036;25;;;;;2034.5;53.5400390625
1;10300;RAINFOREST_RESIN;9992;33;;;;;10008;33;;;;;10000.0;570.0
1;10400;RAINFOREST_RESIN;9992;27;;;;;9999;1;10008;27;;;9995.5;570.0
1;10400;KELP;2032;25;;;;;2036;25;;;;;2034.0;54.4365234375
1;10400;SQUID_INK;1869;25;;;;;1873;25;;;;;1871.0;0.0
1;10500;SQUID_INK;1870;34;;;;;1873;26;;;;;1871.5;0.0
1;10500;KELP;2033;8;2032;26;;;2036;26;;;;;2034.5;54.49658203125
1;10500;RAINFOREST_RESIN;9997;4;9992;33;;;10008;33;;;;;10002.5;571.0
1;10600;SQUID_INK;1871;3;1870;20;;;1873;20;;;;;1872.0;0.0
1;10600;RAINFOREST_RESIN;9992;34;;;;;10008;34;;;;;10000.0;578.0
1;10600;KELP;2034;3;2032;20;;;2036;20;;;;;2035.0;54.46240234375
1;10700;SQUID_INK;1870;31;;;;;1873;24;;;;;1871.5;0.0
1;10700;KELP;2033;7;2032;24;;;2036;24;;;;;2034.5;54.525390625
1;10700;RAINFOREST_RESIN;9992;28;;;;;10003;7;10008;28;;;9997.5;578.0
1;10800;RAINFOREST_RESIN;9992;33;;;;;10008;33;;;;;10000.0;578.0
1;10800;KELP;2033;6;2032;23;;;2036;23;;;;;2034.5;54.77099609375
1;10800;SQUID_INK;1872;6;1871;23;;;1874;23;;;;;1873.0;0.0
1;10900;KELP;2032;23;;;;;2033;6;2036;23;;;2032.5;60.955078125
1;10900;SQUID_INK;1870;23;;;;;1872;6;1874;23;;;1871.0;0.0
1;10900;RAINFOREST_RESIN;9992;29;;;;;10008;29;;;;;10000.0;620.0
1;11000;KELP;2032;27;;;;;2034;2;2035;27;;;2033.0;63.64453125
1;11000;SQUID_INK;1871;27;;;;;1873;2;1874;27;;;1872.0;0.0
1;11000;RAINFOREST_RESIN;9992;34;;;;;10008;34;;;;;10000.0;620.0
1;11100;SQUID_INK;1870;32;;;;;1873;31;;;;;1871.5;0.0
1;11100;RAINFOREST_RESIN;9992;29;;;;;10008;29;;;;;10000.0;620.0
1;11100;KELP;2032;32;;;;;2035;1;2036;30;;;2033.5;65.037109375
1;11200;RAINFOREST_RESIN;9997;3;9992;35;;;10008;35;;;;;10002.5;620.0
1;11200;KELP;2032;30;;;;;2034;5;2035;2;2036;28;2033.0;65.318359375
1;11200;SQUID_INK;1870;30;;;;;1872;5;1873;30;;;1871.0;0.0
1;11300;KELP;2032;27;;;;;2035;27;;;;;2033.5;63.2109375
1;11300;SQUID_INK;1871;27;;;;;1874;27;;;;;1872.5;0.0
1;11300;RAINFOREST_RESIN;9992;25;;;;;10008;25;;;;;10000.0;620.0
1;11400;KELP;2032;30;;;;;2035;30;;;;;2033.5;63.13671875
1;11400;SQUID_INK;1870;30;;;;;1873;30;;;;;1871.5;0.0
1;11400;RAINFOREST_RESIN;9992;25;;;;;10003;3;10008;25;;;9997.5;620.0
1;11500;SQUID_INK;1869;29;;;;;1870;5;1872;29;;;1869.5;0.0
1;11500;RAINFOREST_RESIN;9992;26;;;;;10008;26;;;;;10000.0;620.0
1;11500;KELP;2032;29;;;;;2034;5;2035;29;;;2033.0;62.125
1;11600;RAINFOREST_RESIN;9992;29;;;;;10003;4;10008;29;;;9997.5;620.0
1;11600;KELP;2032;24;;;;;2034;7;2035;24;;;2033.0;63.142578125
1;11600;SQUID_INK;1868;24;;;;;1870;7;1871;24;;;1869.0;0.0
1;11700;KELP;2033;4;2032;22;;;2035;22;;;;;2034.0;62.888671875
1;11700;SQUID_INK;1870;4;1869;22;;;1872;22;;;;;1871.0;0.0
1;11700;RAINFOREST_RESIN;9992;35;;;;;9999;1;10008;35;;;9995.5;620.0
1;11800;KELP;2032;22;;;;;2035;22;;;;;2033.5;62.611328125
1;11800;SQUID_INK;1869;22;;;;;1872;22;;;;;1870.5;0.0
1;11800;RAINFOREST_RESIN;9992;30;;;;;10008;30;;;;;10000.0;621.0
1;11900;SQUID_INK;1869;4;1868;23;;;1871;1;1872;22;;;1870.0;0.0
1;11900;RAINFOREST_RESIN;9992;25;;;;;10008;25;;;;;10000.0;621.0
1;11900;KELP;2033;4;2032;23;;;2035;23;;;;;2034.0;62.5390625
1;12000;RAINFOREST_RESIN;9992;28;;;;;10008;28;;;;;10000.0;621.0
1;12000;KELP;2032;28;;;;;2035;28;;;;;2033.5;62.466796875
1;12000;SQUID_INK;1870;1;1869;27;;;1873;28;;;;;1871.5;0.0
1;12100;KELP;2032;25;;;;;2035;25;;;;;2033.5;62.92578125
1;12100;SQUID_INK;1871;2;1870;23;;;1874;25;;;;;1872.5;0.0
1;12100;RAINFOREST_RESIN;9992;34;;;;;9997;8;10008;34;;;9994.5;621.0
1;12200;KELP;2032;25;;;;;2035;25;;;;;2033.5;63.4609375
1;12200;SQUID_INK;1872;2;1871;23;;;1875;25;;;;;1873.5;0.0
1;12200;RAINFOREST_RESIN;9992;33;;;;;10003;2;10008;33;;;9997.5;701.0
1;12300;SQUID_INK;1872;4;1871;25;;;1874;25;;;;;1873.0;0.0
1;12300;RAINFOREST_RESIN;9992;26;;;;;10008;26;;;;;10000.0;701.0
1;12300;KELP;2032;29;;;;;2035;25;;;;;2033.5;63.541015625
1;12400;RAINFOREST_RESIN;9992;29;;;;;10008;29;;;;;10000.0;701.0
1;12400;KELP;2032;29;;;;;2035;29;;;;;2033.5;62.69140625
1;12400;SQUID_INK;1871;29;;;;;1874;29;;;;;1872.5;0.0
1;12500;KELP;2033;3;2032;23;;;2035;23;;;;;2034.0;62.708984375
1;12500;SQUID_INK;1871;3;1870;23;;;1873;23;;;;;1872.0;0.0
1;12500;RAINFOREST_RESIN;9992;32;;;;;10003;2;10008;32;;;9997.5;701.0
1;12600;KELP;2033;4;2032;26;;;2035;26;;;;;2034.0;62.708984375
1;12600;SQUID_INK;1871;4;1870;26;;;1873;26;;;;;1872.0;0.0
1;12600;RAINFOREST_RESIN;9992;31;;;;;10008;31;;;;;10000.0;701.0
1;12700;SQUID_INK;1869;28;;;;;1872;28;;;;;1870.5;0.0
1;12700;RAINFOREST_RESIN;9992;30;;;;;10008;30;;;;;10000.0;701.0
1;12700;KELP;2032;28;;;;;2035;28;;;;;2033.5;63.677734375
1;12800;RAINFOREST_RESIN;9992;30;;;;;10008;30;;;;;10000.0;750.0
1;12800;KELP;2033;4;2032;30;;;2035;30;;;;;2034.0;62.681640625
1;12800;SQUID_INK;1868;4;1867;30;;;1870;30;;;;;1869.0;0.0
1;12900;KELP;2032;23;;;;;2034;2;2035;23;;;2033.0;62.951171875
1;12900;SQUID_INK;1866;23;;;;;1868;2;1870;23;;;1867.0;0.0
1;12900;RAINFOREST_RESIN;9992;34;;;;;10008;34;;;;;10000.0;750.0
1;13000;KELP;2032;32;;;;;2035;32;;;;;2033.5;63.15234375
1;13000;SQUID_INK;1865;32;;;;;1868;32;;;;;1866.5;0.0
1;13000;RAINFOREST_RESIN;9992;32;;;;;10008;32;;;;;10000.0;750.0
1;13100;RAINFOREST_RESIN;9992;28;;;;;10008;28;;;;;10000.0;750.0
1;13100;SQUID_INK;1864;21;;;;;1866;2;1868;21;;;1865.0;0.0
1;13100;KELP;2032;21;;;;;2033;2;2035;21;;;2032.5;63.154296875
1;13200;RAINFOREST_RESIN;9992;29;;;;;10008;29;;;;;10000.0;750.0
1;13200;KELP;2034;1;2032;38;;;2035;31;;;;;2034.5;64.275390625
1;13200;SQUID_INK;1870;1;1868;38;;;1871;31;;;;;1870.5;0.0
1;13300;KELP;2032;23;;;;;2035;23;;;;;2033.5;64.509765625
1;13300;RAINFOREST_RESIN;9992;33;;;;;10008;33;;;;;10000.0;750.0
1;13300;SQUID_INK;1869;1;1868;22;;;1872;23;;;;;1870.5;0.0
1;13400;KELP;2032;26;;;;;2035;26;;;;;2033.5;65.638671875
1;13400;SQUID_INK;1869;26;;;;;1872;26;;;;;1870.5;0.0
1;13400;RAINFOREST_RESIN;10001;1;9992;30;;;10008;30;;;;;10004.5;750.0
1;13500;RAINFOREST_RESIN;9992;25;;;;;10008;25;;;;;10000.0;751.0
1;13500;SQUID_INK;1868;25;;;;;1871;1;1872;24;;;1869.5;0.0
1;13500;KELP;2032;25;;;;;2035;25;;;;;2033.5;65.748046875
1;13600;RAINFOREST_RESIN;9992;30;;;;;10008;30;;;;;10000.0;751.0
1;13600;KELP;2032;26;;;;;2034;3;2035;26;;;2033.0;64.216796875
1;13600;SQUID_INK;1867;26;;;;;1869;3;1870;2;1871;24;1868.0;0.0
1;13700;KELP;2032;28;;;;;2035;28;;;;;2033.5;64.74609375
1;13700;RAINFOREST_RESIN;9992;32;;;;;10008;32;;;;;10000.0;751.0
1;13700;SQUID_INK;1866;28;;;;;1869;28;;;;;1867.5;0.0
1;13800;KELP;2032;23;;;;;2035;23;;;;;2033.5;64.75
1;13800;SQUID_INK;1867;23;;;;;1871;23;;;;;1869.0;0.0
1;13800;RAINFOREST_RESIN;9992;27;;;;;10008;27;;;;;10000.0;751.0
1;13900;RAINFOREST_RESIN;9992;32;;;;;10008;32;;;;;10000.0;751.0
1;13900;SQUID_INK;1867;18;;;;;1870;21;;;;;1868.5;0.0
1;13900;KELP;2032;21;;;;;2033;3;2035;21;;;2032.5;65.169921875
1;14000;RAINFOREST_RESIN;10003;2;9992;29;;;10008;29;;;;;10005.5;751.0
1;14000;KELP;2032;31;;;;;2035;29;;;;;2033.5;66.099609375
1;14000;SQUID_INK;1867;31;;;;;1870;29;;;;;1868.5;0.0
1;14100;KELP;2032;22;;;;;2035;22;;;;;2033.5;67.068359375
1;14100;RAINFOREST_RESIN;9992;28;;;;;10008;28;;;;;10000.0;757.0
1;14100;SQUID_INK;1867;22;;;;;1870;22;;;;;1868.5;0.0
1;14200;SQUID_INK;1867;21;;;;;1871;21;;;;;1869.0;0.0
1;14200;KELP;2032;21;;;;;2035;21;;;;;2033.5;76.01171875
1;14200;RAINFOREST_RESIN;9992;30;;;;;10008;30;;;;;10000.0;757.0
1;14300;RAINFOREST_RESIN;9992;33;;;;;10008;33;;;;;10000.0;757.0
1;14300;SQUID_INK;1869;22;;;;;1872;22;;;;;1870.5;0.0
1;14300;KELP;2032;22;;;;;2035;22;;;;;2033.5;76.90234375
1;14400;RAINFOREST_RESIN;9992;26;;;;;10008;26;;;;;10000.0;757.0
1;14400;SQUID_INK;1869;22;;;;;1872;23;;;;;1870.5;0.0
1;14400;KELP;2032;22;;;;;2035;23;;;;;2033.5;75.1640625
1;14500;KELP;2032;29;;;;;2034;6;2035;29;;;2033.0;78.1953125
1;14500;RAINFOREST_RESIN;9992;34;;;;;10008;34;;;;;10000.0;757.0
1;14500;SQUID_INK;1869;29;;;;;1871;6;1872;29;;;1870.0;0.0
1;14600;SQUID_INK;1866;28;;;;;1867;3;1869;28;;;1866.5;0.0
1;14600;KELP;2032;28;;;;;2033;3;2035;28;;;2032.5;81.42578125
1;14600;RAINFOREST_RESIN;9992;25;;;;;10008;25;;;;;10000.0;757.0
1;14700;RAINFOREST_RESIN;9992;32;;;;;10008;32;;;;;10000.0;757.0
1;14700;SQUID_INK;1866;24;;;;;1868;2;1869;24;;;1867.0;0.0
1;14700;KELP;2032;24;;;;;2034;2;2035;24;;;2033.0;84.6875
1;14800;RAINFOREST_RESIN;9992;35;;;;;10008;35;;;;;10000.0;757.0
1;14800;SQUID_INK;1866;31;;;;;1868;3;1869;31;;;1867.0;0.0
1;14800;KELP;2032;31;;;;;2034;3;2035;31;;;2033.0;85.375
1;14900;KELP;2034;4;2032;26;;;2035;26;;;;;2034.5;81.2109375
1;14900;RAINFOREST_RESIN;9992;35;;;;;10008;35;;;;;10000.0;771.0
1;14900;SQUID_INK;1869;4;1868;26;;;1871;26;;;;;1870.0;0.0
1;15000;SQUID_INK;1868;31;;;;;1871;27;;;;;1869.5;0.0
1;15000;KELP;2032;31;;;;;2035;27;;;;;2033.5;81.359375
1;15000;RAINFOREST_RESIN;10000;4;9992;26;;;10008;26;;;;;10004.0;771.0
1;15100;RAINFOREST_RESIN;9992;35;;;;;10008;35;;;;;10000.0;771.0
1;15100;SQUID_INK;1870;21;;;;;1873;21;;;;;1871.5;0.0
1;15100;KELP;2032;21;;;;;2035;21;;;;;2033.5;84.68359375
1;15200;RAINFOREST_RESIN;9992;35;;;;;10000;4;10008;35;;;9996.0;771.0
1;15200;SQUID_INK;1870;4;1869;27;;;1872;23;;;;;1871.0;0.0
1;15200;KELP;2033;8;2032;23;;;2036;23;;;;;2034.5;91.390625
1;15300;KELP;2032;24;;;;;2034;6;2036;24;;;2033.0;91.74609375
1;15300;RAINFOREST_RESIN;10002;3;9997;5;9992;25;10008;25;;;;;10005.0;771.0
1;15300;SQUID_INK;1869;2;1868;22;;;1870;6;1872;24;;;1869.5;0.0
1;15400;SQUID_INK;1868;30;;;;;1871;30;;;;;1869.5;0.0
1;15400;KELP;2032;30;;;;;2036;30;;;;;2034.0;90.578125
1;15400;RAINFOREST_RESIN;9992;35;;;;;10008;35;;;;;10000.0;777.0
1;15500;RAINFOREST_RESIN;9992;28;;;;;9997;11;10008;28;;;9994.5;777.0
1;15500;SQUID_INK;1868;25;;;;;1872;25;;;;;1870.0;0.0
1;15500;KELP;2032;25;;;;;2036;25;;;;;2034.0;91.48828125
1;15600;RAINFOREST_RESIN;9992;29;;;;;10008;29;;;;;10000.0;810.0
1;15600;SQUID_INK;1869;23;;;;;1872;23;;;;;1870.5;0.0
1;15600;KELP;2032;23;;;;;2036;23;;;;;2034.0;96.078125
1;15700;KELP;2032;30;;;;;2034;1;2036;30;;;2033.0;95.79296875
1;15700;RAINFOREST_RESIN;9992;34;;;;;10003;7;10008;34;;;9997.5;810.0
1;15700;SQUID_INK;1868;30;;;;;1870;1;1872;30;;;1869.0;0.0
1;15800;SQUID_INK;1869;32;;;;;1872;28;;;;;1870.5;0.0
1;15800;KELP;2033;4;2032;28;;;2036;28;;;;;2034.5;96.41015625
1;15800;RAINFOREST_RESIN;9992;28;;;;;10008;28;;;;;10000.0;810.0
1;15900;RAINFOREST_RESIN;9992;34;;;;;10008;34;;;;;10000.0;810.0
1;15900;SQUID_INK;1868;18;;;;;1871;21;;;;;1869.5;0.0
1;15900;KELP;2032;21;;;;;2033;3;2036;21;;;2032.5;96.796875
1;16000;RAINFOREST_RESIN;9992;34;;;;;10003;5;10008;34;;;9997.5;810.0
1;16000;SQUID_INK;1869;22;;;;;1871;4;1872;2;1873;20;1870.0;0.0
1;16000;KELP;2032;22;;;;;2034;4;2036;22;;;2033.0;99.05078125
1;16100;KELP;2032;27;;;;;2033;2;2034;8;2036;27;2032.5;101.58203125
1;16100;RAINFOREST_RESIN;9997;5;9992;31;;;10008;31;;;;;10002.5;810.0
1;16100;SQUID_INK;1870;25;;;;;1871;8;1873;27;;;1870.5;0.0
1;16200;SQUID_INK;1870;26;;;;;1873;27;;;;;1871.5;0.0
1;16200;KELP;2032;27;;;;;2033;1;2036;27;;;2032.5;106.84375
1;16200;RAINFOREST_RESIN;9992;33;;;;;10008;33;;;;;10000.0;810.0
1;16300;RAINFOREST_RESIN;9992;34;;;;;10008;34;;;;;10000.0;810.0
1;16300;SQUID_INK;1871;22;;;;;1874;22;;;;;1872.5;0.0
1;16300;KELP;2033;22;;;;;2036;22;;;;;2034.5;111.140625
1;16400;RAINFOREST_RESIN;9992;28;;;;;9999;1;10008;28;;;9995.5;817.0
1;16400;SQUID_INK;1872;27;;;;;1874;7;1875;2;1876;25;1873.0;0.0
1;16400;KELP;2033;27;;;;;2035;7;2036;27;;;2034.0;113.6015625
1;16500;KELP;2033;22;;;;;2035;1;2036;22;;;2034.0;112.8984375
1;16500;RAINFOREST_RESIN;9992;33;;;;;10008;33;;;;;10000.0;818.0
1;16500;SQUID_INK;1872;22;;;;;1874;1;1875;22;;;1873.0;0.0
1;16600;SQUID_INK;1873;7;1872;26;;;1876;26;;;;;1874.5;0.0
1;16600;KELP;2033;33;;;;;2036;26;;;;;2034.5;112.1484375
1;16600;RAINFOREST_RESIN;9992;34;;;;;10008;34;;;;;10000.0;818.0
1;16700;RAINFOREST_RESIN;9992;32;;;;;10000;3;10008;32;;;9996.0;818.0
1;16700;SQUID_INK;1872;25;;;;;1875;25;;;;;1873.5;0.0
1;16700;KELP;2033;25;;;;;2036;25;;;;;2034.5;111.078125
1;16800;RAINFOREST_RESIN;9992;28;;;;;10008;28;;;;;10000.0;818.0
1;16800;SQUID_INK;1873;2;1872;27;;;1875;27;;;;;1874.0;0.0
1;16800;KELP;2034;2;2033;27;;;2036;27;;;;;2035.0;111.390625
1;16900;KELP;2033;24;;;;;2036;24;;;;;2034.5;113.53125
1;16900;RAINFOREST_RESIN;9992;28;;;;;10000;2;10008;28;;;9996.0;818.0
1;16900;SQUID_INK;1871;24;;;;;1875;24;;;;;1873.0;0.0
1;17000;SQUID_INK;1872;1;1871;26;;;1874;26;;;;;1873.0;0.0
1;17000;RAINFOREST_RESIN;10001;1;9992;28;;;10008;28;;;;;10004.5;818.0
1;17000;KELP;2033;27;;;;;2036;26;;;;;2034.5;115.9921875
1;17100;SQUID_INK;1871;27;;;;;1874;27;;;;;1872.5;0.0
1;17100;KELP;2033;27;;;;;2036;27;;;;;2034.5;113.53125
1;17100;RAINFOREST_RESIN;9992;35;;;;;10008;35;;;;;10000.0;819.0
1;17200;SQUID_INK;1872;33;;;;;1875;28;;;;;1873.5;0.0
1;17200;RAINFOREST_RESIN;9992;32;;;;;10008;32;;;;;10000.0;819.0
1;17200;KELP;2033;33;;;;;2036;28;;;;;2034.5;109.984375
1;17300;KELP;2033;28;;;;;2035;6;2036;28;;;2034.0;113.796875
1;17300;RAINFOREST_RESIN;9992;33;;;;;10008;33;;;;;10000.0;819.0
1;17300;SQUID_INK;1872;28;;;;;1874;6;1875;28;;;1873.0;0.0
1;17400;RAINFOREST_RESIN;9992;31;;;;;9997;11;10003;4;10008;31;9994.5;819.0
1;17400;KELP;2035;3;2033;27;;;2036;25;;;;;2035.5;115.546875
1;17400;SQUID_INK;1875;3;1874;2;1873;25;1876;25;;;;;1875.5;0.0
1;17500;KELP;2033;28;;;;;2036;28;;;;;2034.5;127.31640625
1;17500;SQUID_INK;1873;28;;;;;1876;28;;;;;1874.5;0.0
1;17500;RAINFOREST_RESIN;9992;28;;;;;10008;28;;;;;10000.0;852.0
1;17600;SQUID_INK;1874;33;;;;;1877;30;;;;;1875.5;0.0
1;17600;RAINFOREST_RESIN;9992;34;;;;;10008;34;;;;;10000.0;852.0
1;17600;KELP;2033;33;;;;;2036;30;;;;;2034.5;129.59765625
1;17700;KELP;2033;22;;;;;2036;22;;;;;2034.5;128.23828125
1;17700;SQUID_INK;1874;22;;;;;1878;22;;;;;1876.0;0.0
1;17700;RAINFOREST_RESIN;9992;25;;;;;10008;25;;;;;10000.0;852.0
1;17800;RAINFOREST_RESIN;9992;30;;;;;10008;30;;;;;10000.0;852.0
1;17800;KELP;2033;32;;;;;2035;5;2036;32;;;2034.0;129.10546875
1;17800;SQUID_INK;1875;32;;;;;1877;5;1878;32;;;1876.0;0.0
1;17900;KELP;2035;1;2034;2;2033;21;2036;21;;;;;2035.5;127.73828125
1;17900;SQUID_INK;1877;1;1876;2;1875;21;1878;21;;;;;1877.5;0.0
1;17900;RAINFOREST_RESIN;10002;5;9992;32;;;10008;32;;;;;10005.0;866.0
1;18000;SQUID_INK;1874;24;;;;;1878;24;;;;;1876.0;0.0
1;18000;RAINFOREST_RESIN;9997;7;9992;29;;;10008;29;;;;;10002.5;876.0
1;18000;KELP;2033;24;;;;;2036;24;;;;;2034.5;124.767578125
1;18100;KELP;2033;30;;;;;2036;30;;;;;2034.5;125.267578125
1;18100;SQUID_INK;1875;30;;;;;1878;30;;;;;1876.5;0.0
1;18100;RAINFOREST_RESIN;9992;35;;;;;10008;35;;;;;10000.0;876.0
1;18200;RAINFOREST_RESIN;9992;30;;;;;10008;30;;;;;10000.0;876.0
1;18200;KELP;2033;25;;;;;2036;25;;;;;2034.5;129.8828125
1;18200;SQUID_INK;1875;25;;;;;1878;25;;;;;1876.5;0.0
1;18300;KELP;2033;20;;;;;2036;20;;;;;2034.5;127.265625
1;18300;SQUID_INK;1876;20;;;;;1879;20;;;;;1877.5;0.0
1;18300;RAINFOREST_RESIN;9992;25;;;;;10008;25;;;;;10000.0;876.0
1;18400;SQUID_INK;1878;1;1876;22;;;1879;22;;;;;1878.5;0.0
1;18400;RAINFOREST_RESIN;9992;26;;;;;10008;26;;;;;10000.0;876.0
1;18400;KELP;2035;1;2033;22;;;2036;22;;;;;2035.5;130.0625
1;18500;SQUID_INK;1877;22;;;;;1880;23;;;;;1878.5;0.0
1;18500;KELP;2033;22;;;;;2036;23;;;;;2034.5;132.671875
1;18500;RAINFOREST_RESIN;9992;29;;;;;10008;29;;;;;10000.0;876.0
1;18600;RAINFOREST_RESIN;9992;28;;;;;10008;28;;;;;10000.0;876.0
1;18600;KELP;2033;13;;;;;2036;22;;;;;2034.5;130.0
1;18600;SQUID_INK;1877;13;;;;;1880;22;;;;;1878.5;0.0
1;18700;SQUID_INK;1876;30;;;;;1880;30;;;;;1878.0;0.0
1;18700;KELP;2033;30;;;;;2036;30;;;;;2034.5;127.3671875
1;18700;RAINFOREST_RESIN;9992;32;;;;;10008;32;;;;;10000.0;876.0
1;18800;SQUID_INK;1876;24;;;;;1879;24;;;;;1877.5;0.0
1;18800;RAINFOREST_RESIN;9992;28;;;;;10008;28;;;;;10000.0;876.0
1;18800;KELP;2032;24;;;;;2036;24;;;;;2034.0;123.3828125
1;18900;SQUID_INK;1876;32;;;;;1879;25;;;;;1877.5;0.0
1;18900;KELP;2033;32;;;;;2036;25;;;;;2034.5;126.3515625
1;18900;RAINFOREST_RESIN;9992;32;;;;;10008;32;;;;;10000.0;876.0
1;19000;RAINFOREST_RESIN;10002;3;9992;25;;;10008;25;;;;;10005.0;876.0
1;19000;KELP;2033;31;;;;;2036;31;;;;;2034.5;128.30078125
1;19000;SQUID_INK;1875;31;;;;;1878;31;;;;;1876.5;0.0
1;19100;SQUID_INK;1875;23;;;;;1878;23;;;;;1876.5;0.0
1;19100;KELP;2033;23;;;;;2036;23;;;;;2034.5;128.296875
1;19100;RAINFOREST_RESIN;9992;28;;;;;10008;28;;;;;10000.0;882.0
1;19200;SQUID_INK;1875;26;;;;;1878;26;;;;;1876.5;0.0
1;19200;RAINFOREST_RESIN;9992;27;;;;;9998;5;10008;27;;;9995.0;882.0
1;19200;KELP;2033;26;;;;;2036;26;;;;;2034.5;128.53515625
1;19300;SQUID_INK;1876;25;;;;;1879;25;;;;;1877.5;0.0
1;19300;KELP;2033;25;;;;;2036;25;;;;;2034.5;129.5078125
1;19300;RAINFOREST_RESIN;9992;30;;;;;9997;8;10008;30;;;9994.5;934.0
1;19400;RAINFOREST_RESIN;9992;25;;;;;9999;1;10008;25;;;9995.5;937.0
1;19400;KELP;2033;26;;;;;2036;26;;;;;2034.5;128.51953125
1;19400;SQUID_INK;1877;26;;;;;1880;26;;;;;1878.5;0.0
1;19500;SQUID_INK;1875;23;;;;;1878;23;;;;;1876.5;0.0
1;19500;KELP;2033;23;;;;;2036;23;;;;;2034.5;128.2890625
1;19500;RAINFOREST_RESIN;9992;35;;;;;10000;1;10008;35;;;9996.0;937.0
1;19600;SQUID_INK;1877;1;1876;26;;;1880;27;;;;;1878.5;0.0
1;19600;RAINFOREST_RESIN;9992;33;;;;;10008;33;;;;;10000.0;937.0
1;19600;KELP;2033;27;;;;;2036;27;;;;;2034.5;134.7734375
1;19700;SQUID_INK;1877;31;;;;;1880;31;;;;;1878.5;0.0
1;19700;RAINFOREST_RESIN;9992;30;;;;;9998;3;10008;30;;;9995.0;944.0
1;19700;KELP;2033;31;;;;;2036;31;;;;;2034.5;145.15234375
1;19800;RAINFOREST_RESIN;9992;33;;;;;10008;33;;;;;10000.0;946.0
1;19800;KELP;2033;28;;;;;2036;28;;;;;2034.5;147.171875
1;19800;SQUID_INK;1877;28;;;;;1880;28;;;;;1878.5;0.0
1;19900;KELP;2033;23;;;;;2036;23;;;;;2034.5;147.46484375
1;19900;SQUID_INK;1876;23;;;;;1879;23;;;;;1877.5;0.0
1;19900;RAINFOREST_RESIN;9992;29;;;;;10008;29;;;;;10000.0;946.0
1;20000;KELP;2033;26;;;;;2035;4;2036;26;;;2034.0;148.02734375
1;20000;SQUID_INK;1875;26;;;;;1877;4;1878;26;;;1876.0;0.0
1;20000;RAINFOREST_RESIN;9992;31;;;;;10008;31;;;;;10000.0;946.0
1;20100;SQUID_INK;1876;30;;;;;1878;4;1879;30;;;1877.0;0.0
1;20100;RAINFOREST_RESIN;9992;31;;;;;10008;31;;;;;10000.0;946.0
1;20100;KELP;2033;30;;;;;2035;4;2036;30;;;2034.0;149.4453125
1;20200;RAINFOREST_RESIN;9992;34;;;;;10003;2;10008;34;;;9997.5;946.0
1;20200;KELP;2033;20;;;;;2036;20;;;;;2034.5;148.36328125
1;20200;SQUID_INK;1876;20;;;;;1879;20;;;;;1877.5;0.0
1;20300;KELP;2033;24;;;;;2036;24;;;;;2034.5;151.98828125
1;20300;SQUID_INK;1878;24;;;;;1881;24;;;;;1879.5;0.0
1;20300;RAINFOREST_RESIN;9992;25;;;;;10008;25;;;;;10000.0;946.0
1;20400;KELP;2033;28;;;;;2034;3;2036;28;;;2033.5;149.5546875
1;20400;SQUID_INK;1879;28;;;;;1880;3;1882;1;1883;27;1879.5;0.0
1;20400;RAINFOREST_RESIN;9997;6;9992;27;;;10008;27;;;;;10002.5;960.0
1;20500;SQUID_INK;1879;25;;;;;1880;7;1883;26;;;1879.5;0.0
1;20500;RAINFOREST_RESIN;9992;31;;;;;10008;31;;;;;10000.0;960.0
1;20500;KELP;2033;18;;;;;2036;1;2037;25;;;2034.5;154.921875
1;20600;RAINFOREST_RESIN;10001;1;9992;33;;;10008;33;;;;;10004.5;960.0
1;20600;KELP;2033;25;;;;;2036;25;;;;;2034.5;153.6875
1;20600;SQUID_INK;1881;25;;;;;1884;25;;;;;1882.5;0.0
1;20700;KELP;2035;2;2033;33;;;2036;30;;;;;2035.5;153.85546875
1;20700;SQUID_INK;1881;2;1880;33;;;1883;30;;;;;1882.0;0.0
1;20700;RAINFOREST_RESIN;9992;29;;;;;10008;29;;;;;10000.0;961.0
1;20800;KELP;2033;26;;;;;2036;26;;;;;2034.5;162.5625
1;20800;SQUID_INK;1878;26;;;;;1881;26;;;;;1879.5;0.0
1;20800;RAINFOREST_RESIN;9992;31;;;;;9999;1;10008;31;;;9995.5;961.0
1;20900;SQUID_INK;1877;1;1876;29;;;1880;31;;;;;1878.5;0.0
1;20900;RAINFOREST_RESIN;9992;28;;;;;10008;28;;;;;10000.0;962.0
1;20900;KELP;2033;30;;;;;2036;31;;;;;2034.5;147.6171875
1;21000;RAINFOREST_RESIN;10001;1;9992;31;;;10008;31;;;;;10004.5;962.0
1;21000;KELP;2033;26;;;;;2036;26;;;;;2034.5;155.90625
1;21000;SQUID_INK;1877;26;;;;;1880;26;;;;;1878.5;0.0
1;21100;KELP;2033;28;;;;;2034;2;2036;28;;;2033.5;155.5859375
1;21100;SQUID_INK;1877;28;;;;;1878;2;1880;28;;;1877.5;0.0
1;21100;RAINFOREST_RESIN;9992;35;;;;;10003;6;10008;35;;;9997.5;963.0
1;21200;KELP;2035;1;2033;29;;;2036;29;;;;;2035.5;150.734375
1;21200;SQUID_INK;1879;1;1877;29;;;1880;29;;;;;1879.5;0.0
1;21200;RAINFOREST_RESIN;9992;28;;;;;10008;28;;;;;10000.0;963.0
1;21300;SQUID_INK;1877;22;;;;;1879;2;1880;22;;;1878.0;0.0
1;21300;RAINFOREST_RESIN;9992;27;;;;;10008;27;;;;;10000.0;963.0
1;21300;KELP;2033;22;;;;;2035;2;2036;22;;;2034.0;151.2890625
1;21400;RAINFOREST_RESIN;9992;26;;;;;10008;26;;;;;10000.0;963.0
1;21400;KELP;2033;30;;;;;2036;30;;;;;2034.5;147.46875
1;21400;SQUID_INK;1877;30;;;;;1880;30;;;;;1878.5;0.0
1;21500;KELP;2032;28;;;;;2033;5;2036;30;;;2032.5;143.578125
1;21500;SQUID_INK;1876;23;;;;;1879;30;;;;;1877.5;0.0
1;21500;RAINFOREST_RESIN;9992;25;;;;;10008;25;;;;;10000.0;963.0
1;21600;KELP;2033;22;;;;;2036;22;;;;;2034.5;151.7578125
1;21600;SQUID_INK;1875;22;;;;;1878;2;1879;20;;;1876.5;0.0
1;21600;RAINFOREST_RESIN;9997;4;9992;33;;;10008;33;;;;;10002.5;963.0
1;21700;SQUID_INK;1875;4;1874;27;;;1877;27;;;;;1876.0;0.0
1;21700;RAINFOREST_RESIN;9992;29;;;;;10008;29;;;;;10000.0;963.0
1;21700;KELP;2033;31;;;;;2036;27;;;;;2034.5;157.9453125
1;21800;RAINFOREST_RESIN;9997;4;9992;25;;;10008;25;;;;;10002.5;984.0
1;21800;KELP;2033;26;;;;;2036;26;;;;;2034.5;151.7578125
1;21800;SQUID_INK;1875;26;;;;;1878;26;;;;;1876.5;0.0
1;21900;KELP;2032;27;;;;;2036;27;;;;;2034.0;148.2421875
1;21900;RAINFOREST_RESIN;9992;28;;;;;9999;1;10008;28;;;9995.5;984.0
1;21900;SQUID_INK;1875;27;;;;;1878;27;;;;;1876.5;0.0
1;22000;KELP;2032;22;;;;;2036;22;;;;;2034.0;143.046875
1;22000;SQUID_INK;1875;22;;;;;1878;22;;;;;1876.5;0.0
1;22000;RAINFOREST_RESIN;9997;2;9992;27;;;10008;27;;;;;10002.5;984.0
1;22100;RAINFOREST_RESIN;10000;2;9992;27;;;10008;27;;;;;10004.0;984.0
1;22100;SQUID_INK;1875;22;;;;;1877;4;1878;22;;;1876.0;0.0
1;22100;KELP;2032;22;;;;;2034;4;2036;22;;;2033.0;147.4375
1;22200;RAINFOREST_RESIN;9992;27;;;;;9999;1;10008;27;;;9995.5;984.0
1;22200;KELP;2033;26;;;;;2036;23;;;;;2034.5;150.5390625
1;22200;SQUID_INK;1874;26;;;;;1877;23;;;;;1875.5;0.0
1;22300;KELP;2033;2;2032;28;;;2036;30;;;;;2034.5;149.234375
1;22300;RAINFOREST_RESIN;9992;27;;;;;10008;27;;;;;10000.0;984.0
1;22300;SQUID_INK;1875;30;;;;;1878;30;;;;;1876.5;0.0
1;22400;KELP;2033;1;2032;23;;;2036;24;;;;;2034.5;149.6171875
1;22400;SQUID_INK;1874;24;;;;;1877;24;;;;;1875.5;0.0
1;22400;RAINFOREST_RESIN;9992;25;;;;;10008;25;;;;;10000.0;984.0
1;22500;RAINFOREST_RESIN;9992;28;;;;;10008;28;;;;;10000.0;984.0
1;22500;SQUID_INK;1875;1;1872;27;;;1876;27;;;;;1875.5;0.0
1;22500;KELP;2035;1;2032;27;;;2036;27;;;;;2035.5;144.6953125
1;22600;RAINFOREST_RESIN;9992;34;;;;;10003;2;10008;34;;;9997.5;984.0
1;22600;KELP;2035;1;2034;4;2033;5;2036;26;;;;;2035.5;149.4375
1;22600;SQUID_INK;1875;1;1874;4;1873;30;1876;26;;;;;1875.5;0.0
1;22700;KELP;2032;26;;;;;2036;26;;;;;2034.0;146.8984375
1;22700;RAINFOREST_RESIN;9992;34;;;;;10008;34;;;;;10000.0;984.0
1;22700;SQUID_INK;1874;26;;;;;1877;26;;;;;1875.5;0.0
1;22800;KELP;2032;27;;;;;2036;27;;;;;2034.0;145.6328125
1;22800;SQUID_INK;1873;27;;;;;1876;27;;;;;1874.5;0.0
1;22800;RAINFOREST_RESIN;9992;27;;;;;10008;27;;;;;10000.0;984.0
1;22900;RAINFOREST_RESIN;9992;31;;;;;10008;31;;;;;10000.0;984.0
1;22900;SQUID_INK;1874;22;;;;;1876;4;1877;23;;;1875.0;0.0
1;22900;KELP;2032;23;;;;;2033;1;2034;4;2036;23;2032.5;146.375
1;23000;RAINFOREST_RESIN;9992;28;;;;;9998;3;10008;28;;;9995.0;984.0
1;23000;SQUID_INK;1878;1;1876;21;;;1879;21;;;;;1878.5;0.0
1;23000;KELP;2035;1;2032;21;;;2036;21;;;;;2035.5;145.6796875
1;23100;KELP;2033;7;2032;28;;;2036;28;;;;;2034.5;148.03125
1;23100;RAINFOREST_RESIN;9992;26;;;;;10008;26;;;;;10000.0;984.0
1;23100;SQUID_INK;1876;35;;;;;1879;28;;;;;1877.5;0.0
1;23200;SQUID_INK;1876;26;;;;;1879;25;;;;;1877.5;0.0
1;23200;KELP;2033;1;2032;25;;;2036;25;;;;;2034.5;149.375
1;23200;RAINFOREST_RESIN;9992;29;;;;;10008;29;;;;;10000.0;984.0
1;23300;RAINFOREST_RESIN;9992;35;;;;;10008;35;;;;;10000.0;984.0
1;23300;SQUID_INK;1878;23;;;;;1881;23;;;;;1879.5;0.0
1;23300;KELP;2032;23;;;;;2036;23;;;;;2034.0;150.7578125
1;23400;RAINFOREST_RESIN;10002;3;9992;25;;;10008;25;;;;;10005.0;984.0
1;23400;SQUID_INK;1879;30;;;;;1882;30;;;;;1880.5;0.0
1;23400;KELP;2033;1;2032;29;;;2036;30;;;;;2034.5;155.1484375
1;23500;KELP;2033;3;2032;31;;;2036;31;;;;;2034.5;156.4375
1;23500;RAINFOREST_RESIN;10002;5;9992;29;;;10008;29;;;;;10005.0;990.0
1;23500;SQUID_INK;1879;3;1878;31;;;1881;1;1882;30;;;1880.0;0.0
1;23600;SQUID_INK;1878;26;;;;;1881;2;1882;25;;;1879.5;0.0
1;23600;KELP;2032;27;;;;;2033;1;2036;27;;;2032.5;158.0078125
1;23600;RAINFOREST_RESIN;9997;5;9992;34;;;10008;34;;;;;10002.5;1000.0
1;23700;RAINFOREST_RESIN;10001;1;9992;28;;;10003;8;10008;28;;;10002.0;1000.0
1;23700;SQUID_INK;1881;1;1879;21;;;1882;21;;;;;1881.5;0.0
1;23700;KELP;2034;1;2032;21;;;2035;1;2036;20;;;2034.5;147.75
1;23800;RAINFOREST_RESIN;9992;32;;;;;10008;32;;;;;10000.0;1001.0
1;23800;SQUID_INK;1879;22;;;;;1882;22;;;;;1880.5;0.0
1;23800;KELP;2032;22;;;;;2036;22;;;;;2034.0;157.4453125
1;23900;KELP;2032;27;;;;;2036;27;;;;;2034.0;153.828125
1;23900;RAINFOREST_RESIN;9992;34;;;;;9999;1;10008;34;;;9995.5;1001.0
1;23900;SQUID_INK;1879;27;;;;;1883;27;;;;;1881.0;0.0
1;24000;SQUID_INK;1877;35;;;;;1880;29;;;;;1878.5;0.0
1;24000;KELP;2033;6;2032;29;;;2036;29;;;;;2034.5;151.7734375
1;24000;RAINFOREST_RESIN;10001;1;9992;29;;;10008;29;;;;;10004.5;1002.0
1;24100;RAINFOREST_RESIN;9992;33;;;;;10008;33;;;;;10000.0;1010.0
1;24100;SQUID_INK;1876;22;;;;;1880;22;;;;;1878.0;0.0
1;24100;KELP;2032;22;;;;;2036;22;;;;;2034.0;153.7890625
1;24200;RAINFOREST_RESIN;9992;29;;;;;10003;4;10008;29;;;9997.5;1010.0
1;24200;SQUID_INK;1874;24;;;;;1875;8;1877;24;;;1874.5;0.0
1;24200;KELP;2032;24;;;;;2034;8;2036;24;;;2033.0;151.21875
1;24300;KELP;2032;26;;;;;2034;5;2036;27;;;2033.0;149.21875
1;24300;RAINFOREST_RESIN;9992;25;;;;;10008;25;;;;;10000.0;1010.0
1;24300;SQUID_INK;1874;27;;;;;1875;1;1876;5;1878;27;1874.5;0.0
1;24400;SQUID_INK;1876;8;1875;29;;;1878;29;;;;;1877.0;0.0
1;24400;KELP;2033;8;2032;29;;;2036;29;;;;;2034.5;150.265625
1;24400;RAINFOREST_RESIN;9992;35;;;;;10008;35;;;;;10000.0;1010.0
1;24500;RAINFOREST_RESIN;9992;33;;;;;10008;33;;;;;10000.0;1010.0
1;24500;SQUID_INK;1876;26;;;;;1879;26;;;;;1877.5;0.0
1;24500;KELP;2032;26;;;;;2036;26;;;;;2034.0;155.3671875
1;24600;RAINFOREST_RESIN;9992;32;;;;;10008;32;;;;;10000.0;1010.0
1;24600;SQUID_INK;1877;24;;;;;1880;24;;;;;1878.5;0.0
1;24600;KELP;2032;24;;;;;2036;24;;;;;2034.0;155.421875
1;24700;KELP;2033;22;;;;;2036;22;;;;;2034.5;174.9375
1;24700;RAINFOREST_RESIN;9992;29;;;;;10008;29;;;;;10000.0;1010.0
1;24700;SQUID_INK;1878;22;;;;;1881;22;;;;;1879.5;0.0
1;24800;SQUID_INK;1878;28;;;;;1882;28;;;;;1880.0;0.0
1;24800;KELP;2033;28;;;;;2036;28;;;;;2034.5;166.2265625
1;24800;RAINFOREST_RESIN;9997;2;9992;27;;;10008;27;;;;;10002.5;1010.0
1;24900;RAINFOREST_RESIN;9992;29;;;;;10003;3;10008;29;;;9997.5;1010.0
1;24900;SQUID_INK;1879;24;;;;;1883;24;;;;;1881.0;0.0
1;24900;KELP;2032;24;;;;;2036;24;;;;;2034.0;162.6015625
1;25000;RAINFOREST_RESIN;10001;1;9992;31;;;10008;31;;;;;10004.5;1010.0
1;25000;SQUID_INK;1877;28;;;;;1881;28;;;;;1879.0;1.59375
1;25000;KELP;2033;1;2032;27;;;2036;28;;;;;2034.5;162.5859375
1;25100;KELP;2033;27;;;;;2036;27;;;;;2034.5;169.203125
1;25100;RAINFOREST_RESIN;9992;32;;;;;10008;32;;;;;10000.0;1011.0
1;25100;SQUID_INK;1877;27;;;;;1880;27;;;;;1878.5;16.765625
1;25200;SQUID_INK;1876;32;;;;;1877;4;1879;26;;;1876.5;68.4921875
1;25200;KELP;2033;32;;;;;2034;4;2036;26;;;2033.5;173.703125
1;25200;RAINFOREST_RESIN;9992;26;;;;;10008;26;;;;;10000.0;1011.0
1;25300;RAINFOREST_RESIN;9992;31;;;;;10008;31;;;;;10000.0;1011.0
1;25300;SQUID_INK;1877;22;;;;;1880;22;;;;;1878.5;26.078125
1;25300;KELP;2033;22;;;;;2036;22;;;;;2034.5;167.0234375
1;25400;RAINFOREST_RESIN;9992;25;;;;;10008;25;;;;;10000.0;1011.0
1;25400;SQUID_INK;1876;29;;;;;1879;29;;;;;1877.5;75.6875
1;25400;KELP;2033;29;;;;;2036;29;;;;;2034.5;173.0
1;25500;KELP;2033;24;;;;;2035;6;2036;24;;;2034.0;173.53125
1;25500;RAINFOREST_RESIN;9992;30;;;;;10008;30;;;;;10000.0;1011.0
1;25500;SQUID_INK;1876;1;1875;23;;;1877;6;1879;24;;;1876.5;94.453125
1;25600;SQUID_INK;1874;24;;;;;1876;6;1877;24;;;1875.0;177.9140625
1;25600;KELP;2033;24;;;;;2035;6;2036;24;;;2034.0;172.4921875
1;25600;RAINFOREST_RESIN;9997;5;9992;29;;;10008;29;;;;;10002.5;1011.0
1;25700;RAINFOREST_RESIN;9992;28;;;;;10008;28;;;;;10000.0;1011.0
1;25700;SQUID_INK;1874;25;;;;;1877;25;;;;;1875.5;163.65625
1;25700;KELP;2033;25;;;;;2036;25;;;;;2034.5;165.84375
1;25800;RAINFOREST_RESIN;10001;1;9992;29;;;10008;29;;;;;10004.5;1011.0
1;25800;SQUID_INK;1873;29;;;;;1876;29;;;;;1874.5;223.6640625
1;25800;KELP;2033;2;2032;27;;;2036;29;;;;;2034.5;163.3046875
1;25900;KELP;2033;29;;;;;2036;29;;;;;2034.5;165.3046875
1;25900;RAINFOREST_RESIN;9992;34;;;;;10008;34;;;;;10000.0;1012.0
1;25900;SQUID_INK;1872;29;;;;;1875;2;1876;27;;;1873.5;255.265625
1;26000;SQUID_INK;1874;1;1872;27;;;1875;27;;;;;1874.5;286.3515625
1;26000;RAINFOREST_RESIN;9992;28;;;;;10003;4;10008;28;;;9997.5;1012.0
1;26000;KELP;2035;1;2033;27;;;2036;27;;;;;2035.5;167.40625
1;26100;SQUID_INK;1874;1;1872;27;;;1875;25;;;;;1874.5;276.5625
1;26100;KELP;2035;1;2033;27;;;2036;25;;;;;2035.5;173.109375
1;26100;RAINFOREST_RESIN;9992;28;;;;;10008;28;;;;;10000.0;1012.0
1;26200;SQUID_INK;1870;29;;;;;1873;2;1874;27;;;1871.5;352.328125
1;26200;RAINFOREST_RESIN;9992;35;;;;;10003;2;10008;35;;;9997.5;1012.0
1;26200;KELP;2033;29;;;;;2036;29;;;;;2034.5;189.28125
1;26300;KELP;2033;25;;;;;2036;26;;;;;2034.5;194.6484375
1;26300;SQUID_INK;1869;25;;;;;1872;26;;;;;1870.5;407.3125
1;26300;RAINFOREST_RESIN;10002;5;9992;31;;;10008;31;;;;;10005.0;1012.0
1;26400;RAINFOREST_RESIN;9992;35;;;;;10008;35;;;;;10000.0;1022.0
1;26400;KELP;2033;27;;;;;2036;27;;;;;2034.5;184.265625
1;26400;SQUID_INK;1868;27;;;;;1872;27;;;;;1870.0;453.3046875
1;26500;KELP;2033;22;;;;;2036;22;;;;;2034.5;185.578125
1;26500;SQUID_INK;1869;22;;;;;1872;22;;;;;1870.5;422.046875
1;26500;RAINFOREST_RESIN;9992;26;;;;;10008;26;;;;;10000.0;1078.0
1;26600;SQUID_INK;1870;31;;;;;1873;31;;;;;1871.5;365.03125
1;26600;RAINFOREST_RESIN;9992;29;;;;;10008;29;;;;;10000.0;1078.0
1;26600;KELP;2033;31;;;;;2036;31;;;;;2034.5;191.4609375
1;26700;KELP;2035;1;2033;34;;;2036;26;;;;;2035.5;186.15625
1;26700;SQUID_INK;1872;1;1871;8;1870;26;1873;26;;;;;1872.5;362.265625
1;26700;RAINFOREST_RESIN;9992;31;;;;;10008;31;;;;;10000.0;1078.0
1;26800;RAINFOREST_RESIN;9992;26;;;;;10008;26;;;;;10000.0;1078.0
1;26800;KELP;2033;20;;;;;2036;20;;;;;2034.5;186.59375
1;26800;SQUID_INK;1871;20;;;;;1874;20;;;;;1872.5;328.0625
1;26900;KELP;2033;22;;;;;2036;22;;;;;2034.5;182.8203125
1;26900;SQUID_INK;1874;22;;;;;1877;22;;;;;1875.5;188.953125
1;26900;RAINFOREST_RESIN;9992;35;;;;;10008;35;;;;;10000.0;1078.0
1;27000;SQUID_INK;1874;27;;;;;1876;6;1877;27;;;1875.0;180.8046875
1;27000;RAINFOREST_RESIN;9992;32;;;;;10008;32;;;;;10000.0;1078.0
1;27000;KELP;2033;27;;;;;2035;6;2036;27;;;2034.0;184.234375
1;27100;KELP;2035;1;2033;29;;;2036;29;;;;;2035.5;185.65625
1;27100;SQUID_INK;1876;1;1874;29;;;1877;29;;;;;1876.5;157.90625
1;27100;RAINFOREST_RESIN;9992;26;;;;;10008;26;;;;;10000.0;1078.0
1;27200;RAINFOREST_RESIN;9992;26;;;;;10008;26;;;;;10000.0;1078.0
1;27200;KELP;2035;1;2033;32;;;2036;25;;;;;2035.5;187.0390625
1;27200;SQUID_INK;1874;1;1873;7;1872;25;1875;25;;;;;1874.5;259.296875
1;27300;KELP;2033;24;;;;;2036;25;;;;;2034.5;188.3671875
1;27300;SQUID_INK;1872;24;;;;;1875;25;;;;;1873.5;277.9140625
1;27300;RAINFOREST_RESIN;10001;1;9992;28;;;10008;28;;;;;10004.5;1078.0
1;27400;SQUID_INK;1873;6;1872;1;1871;22;1875;23;;;;;1874.0;294.546875
1;27400;RAINFOREST_RESIN;9992;30;;;;;9997;9;10008;30;;;9994.5;1079.0
1;27400;KELP;2034;6;2033;23;;;2036;23;;;;;2035.0;191.1328125
1;27500;SQUID_INK;1873;30;;;;;1876;30;;;;;1874.5;241.78125
1;27500;KELP;2033;30;;;;;2037;30;;;;;2035.0;209.78125
1;27500;RAINFOREST_RESIN;9992;33;;;;;9998;3;10003;5;10008;33;9995.0;1103.0
1;27600;RAINFOREST_RESIN;9992;26;;;;;10008;26;;;;;10000.0;1103.0
1;27600;KELP;2036;1;2034;6;2033;28;2037;28;;;;;2036.5;209.28125
1;27600;SQUID_INK;1875;1;1873;34;;;1876;28;;;;;1875.5;220.4765625
1;27700;SQUID_INK;1873;2;1872;30;;;1876;32;;;;;1874.5;244.328125
1;27700;KELP;2033;32;;;;;2037;32;;;;;2035.0;202.6640625
1;27700;RAINFOREST_RESIN;9992;25;;;;;10008;25;;;;;10000.0;1103.0
1;27800;SQUID_INK;1873;27;;;;;1876;22;;;;;1874.5;218.984375
1;27800;RAINFOREST_RESIN;9992;29;;;;;10008;29;;;;;10000.0;1103.0
1;27800;KELP;2034;5;2033;22;;;2037;22;;;;;2035.5;211.1953125
1;27900;SQUID_INK;1876;29;;;;;1878;8;1879;29;;;1877.0;84.734375
1;27900;KELP;2033;29;;;;;2035;8;2037;29;;;2034.0;210.3125
1;27900;RAINFOREST_RESIN;9992;25;;;;;10008;25;;;;;10000.0;1103.0
1;28000;RAINFOREST_RESIN;9992;30;;;;;10003;2;10008;30;;;9997.5;1103.0
1;28000;KELP;2034;4;2033;22;;;2037;22;;;;;2035.5;212.6171875
1;28000;SQUID_INK;1876;26;;;;;1879;22;;;;;1877.5;85.6328125
1;28100;SQUID_INK;1877;21;;;;;1880;21;;;;;1878.5;24.640625
1;28100;KELP;2033;21;;;;;2037;21;;;;;2035.0;211.2734375
1;28100;RAINFOREST_RESIN;10002;5;9992;35;;;10008;35;;;;;10005.0;1103.0
1;28200;SQUID_INK;1874;23;;;;;1878;23;;;;;1876.0;147.0859375
1;28200;RAINFOREST_RESIN;9992;33;;;;;10008;33;;;;;10000.0;1113.0
1;28200;KELP;2034;23;;;;;2037;23;;;;;2035.5;224.234375
1;28300;SQUID_INK;1875;30;;;;;1879;30;;;;;1877.0;101.3515625
1;28300;KELP;2034;30;;;;;2037;30;;;;;2035.5;217.8359375
1;28300;RAINFOREST_RESIN;9992;28;;;;;10008;28;;;;;10000.0;1148.0
1;28400;RAINFOREST_RESIN;9992;32;;;;;10008;32;;;;;10000.0;1148.0
1;28400;KELP;2034;20;;;;;2037;20;;;;;2035.5;216.84375
1;28400;SQUID_INK;1875;20;;;;;1878;20;;;;;1876.5;114.703125
1;28500;KELP;2034;33;;;;;2037;30;;;;;2035.5;217.6484375
1;28500;SQUID_INK;1875;33;;;;;1878;30;;;;;1876.5;124.0390625
1;28500;RAINFOREST_RESIN;9992;27;;;;;10008;27;;;;;10000.0;1148.0
1;28600;KELP;2034;1;2033;26;;;2035;5;2037;28;;;2034.5;213.96875
1;28600;SQUID_INK;1876;27;;;;;1877;5;1879;28;;;1876.5;61.5859375
1;28600;RAINFOREST_RESIN;9992;30;;;;;10008;30;;;;;10000.0;1148.0
1;28700;SQUID_INK;1877;23;;;;;1880;24;;;;;1878.5;13.6640625
1;28700;RAINFOREST_RESIN;9992;31;;;;;10003;5;10008;31;;;9997.5;1148.0
1;28700;KELP;2034;1;2033;22;;;2037;24;;;;;2035.5;215.359375
1;28800;RAINFOREST_RESIN;9992;33;;;;;10008;33;;;;;10000.0;1148.0
1;28800;KELP;2033;21;;;;;2037;21;;;;;2035.0;204.515625
1;28800;SQUID_INK;1877;21;;;;;1880;21;;;;;1878.5;15.1640625
1;28900;KELP;2034;1;2033;23;;;2037;23;;;;;2035.5;206.015625
1;28900;SQUID_INK;1878;24;;;;;1881;23;;;;;1879.5;-28.7265625
1;28900;RAINFOREST_RESIN;9992;29;;;;;10008;29;;;;;10000.0;1148.0
1;29000;KELP;2033;26;;;;;2037;26;;;;;2035.0;202.8671875
1;29000;SQUID_INK;1878;26;;;;;1882;26;;;;;1880.0;-49.7265625
1;29000;RAINFOREST_RESIN;9992;31;;;;;10008;31;;;;;10000.0;1148.0
1;29100;SQUID_INK;1879;23;;;;;1882;23;;;;;1880.5;-81.5703125
1;29100;RAINFOREST_RESIN;10002;5;9992;32;;;10008;32;;;;;10005.0;1148.0
1;29100;KELP;2033;23;;;;;2037;23;;;;;2035.0;201.921875
1;29200;RAINFOREST_RESIN;10001;1;9992;34;;;10008;34;;;;;10004.5;1158.0
1;29200;KELP;2033;23;;;;;2037;23;;;;;2035.0;209.984375
1;29200;SQUID_INK;1880;23;;;;;1883;23;;;;;1881.5;-118.203125
1;29300;KELP;2034;23;;;;;2037;23;;;;;2035.5;217.2578125
1;29300;SQUID_INK;1879;23;;;;;1882;23;;;;;1880.5;-59.171875
1;29300;RAINFOREST_RESIN;9992;25;;;;;10008;25;;;;;10000.0;1159.0
1;29400;KELP;2034;25;;;;;2037;25;;;;;2035.5;223.109375
1;29400;SQUID_INK;1880;25;;;;;1883;25;;;;;1881.5;-111.375
1;29400;RAINFOREST_RESIN;9992;34;;;;;10008;34;;;;;10000.0;1159.0
1;29500;SQUID_INK;1880;19;;;;;1883;20;;;;;1881.5;-128.796875
1;29500;RAINFOREST_RESIN;9992;30;;;;;10003;8;10008;30;;;9997.5;1194.0
1;29500;KELP;2034;19;;;;;2037;20;;;;;2035.5;224.5078125
1;29600;RAINFOREST_RESIN;9992;29;;;;;10008;29;;;;;10000.0;1194.0
1;29600;KELP;2034;27;;;;;2035;4;2037;27;;;2034.5;216.90625
1;29600;SQUID_INK;1880;27;;;;;1881;4;1883;27;;;1880.5;-132.109375
1;29700;KELP;2034;23;;;;;2036;8;2037;23;;;2035.0;217.90625
1;29700;SQUID_INK;1880;1;1879;22;;;1881;8;1883;23;;;1880.5;-106.4296875
1;29700;RAINFOREST_RESIN;10001;1;9992;27;;;10008;27;;;;;10004.5;1194.0
1;29800;KELP;2036;1;2034;4;2033;25;2037;25;;;;;2036.5;214.8046875
1;29800;SQUID_INK;1882;1;1880;29;;;1883;25;;;;;1882.5;-129.078125
1;29800;RAINFOREST_RESIN;9992;30;;;;;10008;30;;;;;10000.0;1195.0
1;29900;SQUID_INK;1880;32;;;;;1883;2;1884;30;;;1881.5;-145.890625
1;29900;RAINFOREST_RESIN;9992;34;;;;;10008;34;;;;;10000.0;1195.0
1;29900;KELP;2034;32;;;;;2037;32;;;;;2035.5;218.984375
1;30000;RAINFOREST_RESIN;9992;32;;;;;9998;3;10008;32;;;9995.0;1202.0
1;30000;KELP;2034;6;2033;23;;;2037;25;;;;;2035.5;226.85546875
1;30000;SQUID_INK;1881;29;;;;;1884;25;;;;;1882.5;-163.3984375
1;30100;KELP;2034;1;2033;20;;;2037;21;;;;;2035.5;229.44140625
1;30100;SQUID_INK;1882;21;;;;;1885;21;;;;;1883.5;-214.8984375
1;30100;RAINFOREST_RESIN;9992;35;;;;;10008;35;;;;;10000.0;1208.0
1;30200;KELP;2034;30;;;;;2037;30;;;;;2035.5;233.0234375
1;30200;SQUID_INK;1881;30;;;;;1884;30;;;;;1882.5;-169.75
1;30200;RAINFOREST_RESIN;9992;29;;;;;10008;29;;;;;10000.0;1208.0
1;30300;SQUID_INK;1882;2;1881;29;;;1883;1;1885;31;;;1882.5;-204.421875
1;30300;RAINFOREST_RESIN;9992;30;;;;;10008;30;;;;;10000.0;1208.0
1;30300;KELP;2034;31;;;;;2036;1;2037;31;;;2035.0;234.58203125
1;30400;RAINFOREST_RESIN;9992;30;;;;;10008;30;;;;;10000.0;1208.0
1;30400;KELP;2035;5;2034;30;;;2036;3;2037;30;;;2035.5;230.8984375
1;30400;SQUID_INK;1884;2;1882;30;;;1885;30;;;;;1884.5;-227.7734375
1;30500;KELP;2034;35;;;;;2037;30;;;;;2035.5;240.0703125
1;30500;SQUID_INK;1882;7;1881;28;;;1885;30;;;;;1883.5;-204.5625
1;30500;RAINFOREST_RESIN;9992;33;;;;;10008;33;;;;;10000.0;1208.0
1;30600;KELP;2034;32;;;;;2036;7;2037;32;;;2035.0;235.1171875
1;30600;SQUID_INK;1882;32;;;;;1884;7;1885;32;;;1883.0;-222.46875
1;30600;RAINFOREST_RESIN;9992;34;;;;;10008;34;;;;;10000.0;1208.0
1;30700;SQUID_INK;1882;29;;;;;1885;29;;;;;1883.5;-228.40625
1;30700;RAINFOREST_RESIN;10000;2;9992;32;;;10008;32;;;;;10004.0;1208.0
1;30700;KELP;2034;29;;;;;2037;29;;;;;2035.5;238.53125
1;30800;RAINFOREST_RESIN;9997;7;9992;26;;;10008;26;;;;;10002.5;1236.0
1;30800;KELP;2034;31;;;;;2037;31;;;;;2035.5;235.2109375
1;30800;SQUID_INK;1881;31;;;;;1884;31;;;;;1882.5;-181.484375
1;30900;KELP;2034;21;;;;;2036;7;2037;21;;;2035.0;240.8046875
1;30900;RAINFOREST_RESIN;9997;8;9992;29;;;10008;29;;;;;10002.5;1236.0
1;30900;SQUID_INK;1881;21;;;;;1883;7;1884;21;;;1882.0;-168.3984375
1;31000;KELP;2036;6;2034;28;;;2037;28;;;;;2036.5;247.34375
1;31000;SQUID_INK;1883;6;1881;28;;;1884;28;;;;;1883.5;-179.34375
1;31000;RAINFOREST_RESIN;9992;27;;;;;10008;27;;;;;10000.0;1236.0
1;31100;RAINFOREST_RESIN;9992;28;;;;;10008;28;;;;;10000.0;1236.0
1;31100;SQUID_INK;1881;14;;;;;1884;23;;;;;1882.5;-158.2578125
1;31100;KELP;2034;14;;;;;2037;23;;;;;2035.5;243.90234375
1;31200;RAINFOREST_RESIN;9992;26;;;;;10008;26;;;;;10000.0;1236.0
1;31200;KELP;2034;21;;;;;2036;8;2037;22;;;2035.0;242.4140625
1;31200;SQUID_INK;1881;21;;;;;1882;8;1884;22;;;1881.5;-160.7734375
1;31300;KELP;2034;22;;;;;2037;22;;;;;2035.5;245.44921875
1;31300;RAINFOREST_RESIN;9992;30;;;;;10008;30;;;;;10000.0;1236.0
1;31300;SQUID_INK;1881;22;;;;;1884;22;;;;;1882.5;-163.953125
1;31400;KELP;2034;22;;;;;2037;22;;;;;2035.5;244.73828125
1;31400;SQUID_INK;1881;22;;;;;1884;22;;;;;1882.5;-190.0
1;31400;RAINFOREST_RESIN;9992;32;;;;;10008;32;;;;;10000.0;1236.0
1;31500;RAINFOREST_RESIN;9992;25;;;;;9998;5;10008;25;;;9995.0;1236.0
1;31500;SQUID_INK;1881;22;;;;;1885;22;;;;;1883.0;-199.859375
1;31500;KELP;2034;22;;;;;2037;22;;;;;2035.5;247.24609375
1;31600;RAINFOREST_RESIN;9992;28;;;;;10008;28;;;;;10000.0;1244.0
1;31600;KELP;2034;24;;;;;2037;24;;;;;2035.5;246.19140625
1;31600;SQUID_INK;1882;24;;;;;1885;24;;;;;1883.5;-232.3046875
1;31700;KELP;2034;29;;;;;2038;29;;;;;2036.0;250.0
1;31700;RAINFOREST_RESIN;9997;8;9992;26;;;10008;26;;;;;10002.5;1244.0
1;31700;SQUID_INK;1883;29;;;;;1886;29;;;;;1884.5;-285.1796875
1;31800;KELP;2036;2;2034;24;;;2037;2;2038;22;;;2036.5;250.75
1;31800;SQUID_INK;1884;2;1882;24;;;1885;2;1886;22;;;1884.5;-243.90625
1;31800;RAINFOREST_RESIN;9992;30;;;;;10008;30;;;;;10000.0;1244.0
1;31900;RAINFOREST_RESIN;9992;33;;;;;10008;33;;;;;10000.0;1244.0
1;31900;SQUID_INK;1882;34;;;;;1885;28;;;;;1883.5;-234.1171875
1;31900;KELP;2034;34;;;;;2037;28;;;;;2035.5;249.19140625
1;32000;RAINFOREST_RESIN;9992;28;;;;;10008;28;;;;;10000.0;1244.0
1;32000;SQUID_INK;1883;22;;;;;1886;22;;;;;1884.5;-273.921875
1;32000;KELP;2034;22;;;;;2037;22;;;;;2035.5;248.671875
1;32100;KELP;2034;25;;;;;2038;25;;;;;2036.0;250.59765625
1;32100;RAINFOREST_RESIN;9992;25;;;;;10008;25;;;;;10000.0;1244.0
1;32100;SQUID_INK;1883;25;;;;;1887;25;;;;;1885.0;-299.796875
1;32200;SQUID_INK;1885;25;;;;;1888;1;1889;24;;;1886.5;-397.6953125
1;32200;KELP;2034;25;;;;;2037;1;2038;24;;;2035.5;251.44140625
1;32200;RAINFOREST_RESIN;9992;31;;;;;10008;31;;;;;10000.0;1244.0
1;32300;RAINFOREST_RESIN;9992;30;;;;;10008;30;;;;;10000.0;1244.0
1;32300;SQUID_INK;1885;3;1884;32;;;1887;2;1888;30;;;1886.0;-343.75
1;32300;KELP;2035;3;2034;32;;;2037;32;;;;;2036.0;246.1875
1;32400;RAINFOREST_RESIN;9992;31;;;;;10008;31;;;;;10000.0;1244.0
1;32400;SQUID_INK;1884;29;;;;;1887;29;;;;;1885.5;-331.171875
1;32400;KELP;2034;29;;;;;2037;29;;;;;2035.5;247.015625
1;32500;KELP;2035;1;2034;26;;;2038;26;;;;;2036.5;258.6171875
1;32500;RAINFOREST_RESIN;10001;1;9992;33;;;10008;33;;;;;10004.5;1244.0
1;32500;SQUID_INK;1883;27;;;;;1886;26;;;;;1884.5;-286.046875
1;32600;SQUID_INK;1883;28;;;;;1886;28;;;;;1884.5;-286.0703125
1;32600;KELP;2034;28;;;;;2038;28;;;;;2036.0;264.11328125
1;32600;RAINFOREST_RESIN;10000;5;9992;35;;;10008;35;;;;;10004.0;1245.0
1;32700;RAINFOREST_RESIN;9997;6;9992;29;;;10008;29;;;;;10002.5;1245.0
1;32700;SQUID_INK;1883;32;;;;;1886;32;;;;;1884.5;-275.90625
1;32700;KELP;2034;32;;;;;2038;32;;;;;2036.0;264.125
1;32800;RAINFOREST_RESIN;9992;31;;;;;10008;31;;;;;10000.0;1245.0
1;32800;SQUID_INK;1882;29;;;;;1886;29;;;;;1884.0;-248.8984375
1;32800;KELP;2034;29;;;;;2038;29;;;;;2036.0;262.4765625
1;32900;KELP;2034;21;;;;;2038;21;;;;;2036.0;264.8984375
1;32900;RAINFOREST_RESIN;9997;3;9992;27;;;10008;27;;;;;10002.5;1245.0
1;32900;SQUID_INK;1882;21;;;;;1885;21;;;;;1883.5;-231.8515625
1;33000;SQUID_INK;1882;28;;;;;1884;4;1885;28;;;1883.0;-226.921875
1;33000;KELP;2034;28;;;;;2036;4;2038;28;;;2035.0;264.37109375
1;33000;RAINFOREST_RESIN;9992;35;;;;;10008;35;;;;;10000.0;1245.0
1;33100;RAINFOREST_RESIN;9992;33;;;;;10008;33;;;;;10000.0;1245.0
1;33100;SQUID_INK;1882;26;;;;;1885;26;;;;;1883.5;-231.5625
1;33100;KELP;2034;26;;;;;2037;1;2038;25;;;2035.5;262.18359375
1;33200;RAINFOREST_RESIN;9992;28;;;;;10008;28;;;;;10000.0;1245.0
1;33200;SQUID_INK;1883;24;;;;;1885;5;1886;24;;;1884.0;-270.03125
1;33200;KELP;2034;24;;;;;2036;5;2037;1;2038;23;2035.0;262.890625
1;33300;KELP;2034;31;;;;;2037;31;;;;;2035.5;261.78125
1;33300;RAINFOREST_RESIN;9992;28;;;;;10008;28;;;;;10000.0;1287.0
1;33300;SQUID_INK;1883;31;;;;;1886;31;;;;;1884.5;-259.234375
1;33400;SQUID_INK;1883;20;;;;;1885;2;1886;20;;;1884.0;-290.0390625
1;33400;KELP;2034;20;;;;;2036;2;2038;20;;;2035.0;262.3125
1;33400;RAINFOREST_RESIN;10000;2;9992;29;;;10008;29;;;;;10004.0;1287.0
1;33500;RAINFOREST_RESIN;9992;34;;;;;10008;34;;;;;10000.0;1287.0
1;33500;SQUID_INK;1884;23;;;;;1887;23;;;;;1885.5;-323.5234375
1;33500;KELP;2034;23;;;;;2037;2;2038;21;;;2035.5;262.3125
1;33600;RAINFOREST_RESIN;9992;32;;;;;10008;32;;;;;10000.0;1287.0
1;33600;SQUID_INK;1884;27;;;;;1887;27;;;;;1885.5;-312.4296875
1;33600;KELP;2034;27;;;;;2038;27;;;;;2036.0;262.4921875
1;33700;KELP;2034;26;;;;;2036;6;2037;1;2038;25;2035.0;263.03125
1;33700;RAINFOREST_RESIN;9992;33;;;;;10008;33;;;;;10000.0;1287.0
1;33700;SQUID_INK;1883;26;;;;;1885;6;1886;26;;;1884.0;-275.515625
1;33800;SQUID_INK;1882;21;;;;;1885;21;;;;;1883.5;-235.796875
1;33800;KELP;2034;21;;;;;2038;21;;;;;2036.0;262.48828125
1;33800;RAINFOREST_RESIN;9992;34;;;;;10003;8;10008;34;;;9997.5;1287.0
1;33900;RAINFOREST_RESIN;9992;31;;;;;10008;31;;;;;10000.0;1287.0
1;33900;SQUID_INK;1883;1;1882;27;;;1886;28;;;;;1884.5;-252.859375
1;33900;KELP;2034;28;;;;;2037;1;2038;27;;;2035.5;263.7578125
1;34000;RAINFOREST_RESIN;9992;28;;;;;10008;28;;;;;10000.0;1287.0
1;34000;SQUID_INK;1886;1;1884;30;;;1887;30;;;;;1886.5;-339.9453125
1;34000;KELP;2036;1;2034;30;;;2038;30;;;;;2037.0;264.484375
1;34100;KELP;2034;27;;;;;2038;27;;;;;2036.0;264.30078125
1;34100;RAINFOREST_RESIN;9992;32;;;;;10008;32;;;;;10000.0;1287.0
1;34100;SQUID_INK;1884;27;;;;;1887;27;;;;;1885.5;-334.828125
1;34200;SQUID_INK;1883;32;;;;;1886;32;;;;;1884.5;-272.5703125
1;34200;KELP;2034;32;;;;;2038;32;;;;;2036.0;264.48828125
1;34200;RAINFOREST_RESIN;9992;26;;;;;10008;26;;;;;10000.0;1287.0
1;34300;RAINFOREST_RESIN;9992;34;;;;;10008;34;;;;;10000.0;1287.0
1;34300;SQUID_INK;1884;28;;;;;1887;29;;;;;1885.5;-339.515625
1;34300;KELP;2034;28;;;;;2037;1;2038;28;;;2035.5;262.07421875
1;34400;RAINFOREST_RESIN;9992;31;;;;;10008;31;;;;;10000.0;1287.0
1;34400;SQUID_INK;1884;30;;;;;1887;30;;;;;1885.5;-317.2265625
1;34400;KELP;2034;30;;;;;2037;30;;;;;2035.5;258.0625
1;34500;KELP;2034;24;;;;;2037;24;;;;;2035.5;259.27734375
1;34500;RAINFOREST_RESIN;9992;31;;;;;9998;3;10008;31;;;9995.0;1287.0
1;34500;SQUID_INK;1884;24;;;;;1887;24;;;;;1885.5;-324.0625
1;34600;SQUID_INK;1884;24;;;;;1888;24;;;;;1886.0;-354.609375
1;34600;KELP;2034;24;;;;;2038;24;;;;;2036.0;262.19921875
1;34600;RAINFOREST_RESIN;9992;29;;;;;10003;3;10008;29;;;9997.5;1293.0
1;34700;SQUID_INK;1886;9;1885;23;;;1889;25;;;;;1887.5;-405.1171875
1;34700;KELP;2034;32;;;;;2037;25;;;;;2035.5;278.36572265625
1;34700;RAINFOREST_RESIN;9992;33;;;;;10008;33;;;;;10000.0;1293.0
1;34800;SQUID_INK;1886;14;;;;;1889;24;;;;;1887.5;-424.0625
1;34800;RAINFOREST_RESIN;9992;31;;;;;10008;31;;;;;10000.0;1293.0
1;34800;KELP;2034;14;;;;;2037;24;;;;;2035.5;278.083984375
1;34900;KELP;2034;24;;;;;2037;24;;;;;2035.5;277.7216796875
1;34900;RAINFOREST_RESIN;9992;33;;;;;10008;33;;;;;10000.0;1293.0
1;34900;SQUID_INK;1886;24;;;;;1889;24;;;;;1887.5;-430.8828125
1;35000;SQUID_INK;1887;29;;;;;1890;29;;;;;1888.5;-479.1171875
1;35000;RAINFOREST_RESIN;9992;35;;;;;10008;35;;;;;10000.0;1293.0
1;35000;KELP;2034;29;;;;;2037;29;;;;;2035.5;277.6357421875
1;35100;SQUID_INK;1887;23;;;;;1890;23;;;;;1888.5;-470.296875
1;35100;KELP;2034;23;;;;;2037;23;;;;;2035.5;278.12255859375
1;35100;RAINFOREST_RESIN;9992;25;;;;;9998;5;10008;25;;;9995.0;1293.0
1;35200;SQUID_INK;1887;24;;;;;1889;3;1890;24;;;1888.0;-477.3828125
1;35200;RAINFOREST_RESIN;10001;1;9992;27;;;10008;27;;;;;10004.5;1301.0
1;35200;KELP;2034;24;;;;;2036;3;2037;24;;;2035.0;277.4326171875
1;35300;KELP;2034;31;;;;;2037;23;;;;;2035.5;277.7568359375
1;35300;SQUID_INK;1886;31;;;;;1889;23;;;;;1887.5;-422.8046875
1;35300;RAINFOREST_RESIN;9992;31;;;;;10008;31;;;;;10000.0;1330.0
1;35400;RAINFOREST_RESIN;9992;28;;;;;10008;28;;;;;10000.0;1330.0
1;35400;KELP;2034;27;;;;;2037;27;;;;;2035.5;277.185546875
1;35400;SQUID_INK;1886;27;;;;;1889;27;;;;;1887.5;-426.359375
1;35500;KELP;2034;29;;;;;2037;29;;;;;2035.5;277.30859375
1;35500;SQUID_INK;1883;29;;;;;1886;29;;;;;1884.5;-257.5625
1;35500;RAINFOREST_RESIN;9992;32;;;;;10008;32;;;;;10000.0;1330.0
1;35600;SQUID_INK;1882;24;;;;;1885;24;;;;;1883.5;-218.3203125
1;35600;RAINFOREST_RESIN;9997;2;9992;32;;;10008;32;;;;;10002.5;1337.0
1;35600;KELP;2034;24;;;;;2037;24;;;;;2035.5;277.63818359375
1;35700;KELP;2034;31;;;;;2037;31;;;;;2035.5;277.96923828125
1;35700;SQUID_INK;1882;31;;;;;1886;31;;;;;1884.0;-251.0078125
1;35700;RAINFOREST_RESIN;10002;3;9992;25;;;10008;25;;;;;10005.0;1337.0
1;35800;RAINFOREST_RESIN;9997;5;9992;28;;;10008;28;;;;;10002.5;1343.0
1;35800;KELP;2034;29;;;;;2037;23;;;;;2035.5;281.97265625
1;35800;SQUID_INK;1884;29;;;;;1887;23;;;;;1885.5;-315.5625
1;35900;KELP;2034;30;;;;;2037;30;;;;;2035.5;282.19140625
1;35900;SQUID_INK;1882;30;;;;;1885;30;;;;;1883.5;-242.921875
1;35900;RAINFOREST_RESIN;10001;1;9992;32;;;10008;32;;;;;10004.5;1343.0
1;36000;SQUID_INK;1881;30;;;;;1882;2;1883;2;1884;30;1881.5;-183.4140625
1;36000;RAINFOREST_RESIN;9992;34;;;;;10008;34;;;;;10000.0;1344.0
1;36000;KELP;2034;30;;;;;2035;2;2036;2;2037;30;2034.5;283.48828125
1;36100;KELP;2034;23;;;;;2036;6;2037;23;;;2035.0;284.34375
1;36100;SQUID_INK;1881;23;;;;;1883;6;1884;23;;;1882.0;-166.0078125
1;36100;RAINFOREST_RESIN;9992;30;;;;;9999;1;10008;30;;;9995.5;1344.0
1;36200;RAINFOREST_RESIN;9992;26;;;;;10008;26;;;;;10000.0;1345.0
1;36200;KELP;2034;30;;;;;2037;30;;;;;2035.5;284.1337890625
1;36200;SQUID_INK;1882;30;;;;;1885;30;;;;;1883.5;-236.4921875
1;36300;SQUID_INK;1885;31;;;;;1888;31;;;;;1886.5;-358.9296875
1;36300;KELP;2034;31;;;;;2037;31;;;;;2035.5;283.37109375
1;36300;RAINFOREST_RESIN;9992;26;;;;;9998;3;10008;26;;;9995.0;1345.0
1;36400;SQUID_INK;1885;30;;;;;1888;29;;;;;1886.5;-368.4296875
1;36400;RAINFOREST_RESIN;10001;1;9992;28;;;10008;28;;;;;10004.5;1351.0
1;36400;KELP;2034;30;;;;;2037;29;;;;;2035.5;283.978515625
1;36500;SQUID_INK;1886;28;;;;;1889;29;;;;;1887.5;-413.2890625
1;36500;KELP;2034;28;;;;;2037;29;;;;;2035.5;283.6220703125
1;36500;RAINFOREST_RESIN;9992;29;;;;;10008;29;;;;;10000.0;1352.0
1;36600;RAINFOREST_RESIN;9992;31;;;;;9998;4;10008;31;;;9995.0;1352.0
1;36600;KELP;2034;31;;;;;2035;2;2037;31;;;2034.5;284.6279296875
1;36600;SQUID_INK;1887;31;;;;;1888;2;1890;31;;;1887.5;-460.53125
1;36700;SQUID_INK;1888;22;;;;;1891;22;;;;;1889.5;-508.9375
1;36700;KELP;2034;22;;;;;2037;22;;;;;2035.5;285.7255859375
1;36700;RAINFOREST_RESIN;9997;8;9992;34;;;10008;34;;;;;10002.5;1360.0
1;36800;SQUID_INK;1886;25;;;;;1889;25;;;;;1887.5;-443.203125
1;36800;RAINFOREST_RESIN;9992;26;;;;;10008;26;;;;;10000.0;1360.0
1;36800;KELP;2034;25;;;;;2037;25;;;;;2035.5;285.69482421875
1;36900;SQUID_INK;1887;22;;;;;1890;22;;;;;1888.5;-484.90625
1;36900;KELP;2034;22;;;;;2037;22;;;;;2035.5;285.84765625
1;36900;RAINFOREST_RESIN;9992;33;;;;;10008;33;;;;;10000.0;1409.0
1;37000;RAINFOREST_RESIN;9992;33;;;;;10008;33;;;;;10000.0;1409.0
1;37000;KELP;2034;22;;;;;2037;22;;;;;2035.5;286.09326171875
1;37000;SQUID_INK;1887;22;;;;;1890;22;;;;;1888.5;-490.0625
1;37100;SQUID_INK;1889;5;1888;24;;;1891;24;;;;;1890.0;-515.734375
1;37100;KELP;2035;5;2033;24;;;2037;24;;;;;2036.0;286.611328125
1;37100;RAINFOREST_RESIN;9992;33;;;;;10008;33;;;;;10000.0;1409.0
1;37200;SQUID_INK;1887;29;;;;;1890;29;;;;;1888.5;-478.125
1;37200;RAINFOREST_RESIN;9992;29;;;;;10008;29;;;;;10000.0;1423.0
1;37200;KELP;2034;2;2033;27;;;2037;29;;;;;2035.5;293.828125
1;37300;SQUID_INK;1886;23;;;;;1888;4;1889;23;;;1887.0;-417.890625
1;37300;KELP;2033;23;;;;;2035;4;2037;23;;;2034.0;296.26171875
1;37300;RAINFOREST_RESIN;9992;30;;;;;10008;30;;;;;10000.0;1423.0
1;37400;RAINFOREST_RESIN;9992;28;;;;;10008;28;;;;;10000.0;1423.0
1;37400;KELP;2034;4;2033;22;;;2037;22;;;;;2035.5;295.69921875
1;37400;SQUID_INK;1886;4;1885;22;;;1889;22;;;;;1887.5;-399.828125
1;37500;KELP;2035;5;2033;31;;;2037;31;;;;;2036.0;295.2578125
1;37500;SQUID_INK;1888;5;1887;31;;;1890;1;1891;30;;;1889.0;-494.3515625
1;37500;RAINFOREST_RESIN;9992;32;;;;;10003;3;10008;32;;;9997.5;1430.0
1;37600;KELP;2033;25;;;;;2035;5;2037;25;;;2034.0;295.50390625
1;37600;SQUID_INK;1887;25;;;;;1889;5;1890;1;1891;24;1888.0;-495.765625
1;37600;RAINFOREST_RESIN;10001;1;9992;33;;;10008;33;;;;;10004.5;1430.0
1;37700;SQUID_INK;1885;20;;;;;1888;20;;;;;1886.5;-370.453125
1;37700;RAINFOREST_RESIN;9992;31;;;;;10000;5;10008;31;;;9996.0;1431.0
1;37700;KELP;2033;20;;;;;2037;20;;;;;2035.0;304.6923828125
1;37800;RAINFOREST_RESIN;9992;30;;;;;9998;4;10008;30;;;9995.0;1438.0
1;37800;KELP;2034;25;;;;;2037;25;;;;;2035.5;304.1025390625
1;37800;SQUID_INK;1884;25;;;;;1888;25;;;;;1886.0;-348.3046875
1;37900;KELP;2034;2;2033;27;;;2037;29;;;;;2035.5;306.271484375
1;37900;SQUID_INK;1883;29;;;;;1886;29;;;;;1884.5;-264.6171875
1;37900;RAINFOREST_RESIN;10001;1;9992;29;;;10008;29;;;;;10004.5;1446.0
1;38000;KELP;2034;30;;;;;2037;30;;;;;2035.5;305.6513671875
1;38000;SQUID_INK;1883;30;;;;;1886;30;;;;;1884.5;-283.3046875
1;38000;RAINFOREST_RESIN;9992;32;;;;;10008;32;;;;;10000.0;1447.0
1;38100;SQUID_INK;1882;29;;;;;1884;4;1885;1;1886;28;1883.0;-246.2109375
1;38100;RAINFOREST_RESIN;9992;28;;;;;9999;1;10008;28;;;9995.5;1447.0
1;38100;KELP;2034;29;;;;;2036;4;2037;29;;;2035.0;305.34765625
1;38200;RAINFOREST_RESIN;9992;34;;;;;10008;34;;;;;10000.0;1448.0
1;38200;KELP;2034;31;;;;;2037;31;;;;;2035.5;305.55078125
1;38200;SQUID_INK;1884;31;;;;;1887;31;;;;;1885.5;-329.7734375
1;38300;KELP;2034;27;;;;;2037;22;;;;;2035.5;305.55078125
1;38300;SQUID_INK;1883;27;;;;;1886;22;;;;;1884.5;-280.8046875
1;38300;RAINFOREST_RESIN;9992;32;;;;;10008;32;;;;;10000.0;1448.0
1;38400;KELP;2033;31;;;;;2034;4;2037;31;;;2033.5;306.578125
1;38400;SQUID_INK;1882;27;;;;;1885;31;;;;;1883.5;-219.0078125
1;38400;RAINFOREST_RESIN;9992;29;;;;;10008;29;;;;;10000.0;1455.0
1;38500;SQUID_INK;1882;24;;;;;1885;24;;;;;1883.5;-231.2890625
1;38500;RAINFOREST_RESIN;9992;30;;;;;10008;30;;;;;10000.0;1455.0
1;38500;KELP;2033;24;;;;;2037;24;;;;;2035.0;310.91552734375
1;38600;RAINFOREST_RESIN;9992;25;;;;;10008;25;;;;;10000.0;1483.0
1;38600;KELP;2033;31;;;;;2037;31;;;;;2035.0;310.8953857421875
1;38600;SQUID_INK;1883;31;;;;;1886;31;;;;;1884.5;-268.3984375
1;38700;KELP;2034;1;2033;20;;;2037;22;;;;;2035.5;310.8551025390625
1;38700;SQUID_INK;1884;21;;;;;1887;2;1888;20;;;1885.5;-345.4296875
1;38700;RAINFOREST_RESIN;9992;25;;;;;10008;25;;;;;10000.0;1483.0
1;38800;KELP;2033;27;;;;;2035;2;2037;27;;;2034.0;310.9227294921875
1;38800;SQUID_INK;1884;27;;;;;1886;2;1887;27;;;1885.0;-322.8984375
1;38800;RAINFOREST_RESIN;9992;27;;;;;10008;27;;;;;10000.0;1483.0
1;38900;SQUID_INK;1886;25;;;;;1889;25;;;;;1887.5;-408.2265625
1;38900;RAINFOREST_RESIN;9997;4;9992;35;;;10008;35;;;;;10002.5;1483.0
1;38900;KELP;2033;25;;;;;2037;25;;;;;2035.0;310.902587890625
1;39000;RAINFOREST_RESIN;9992;25;;;;;10003;6;10008;25;;;9997.5;1483.0
1;39000;KELP;2033;24;;;;;2034;3;2035;6;2037;24;2033.5;311.0257568359375
1;39000;SQUID_INK;1887;24;;;;;1888;3;1889;6;1890;24;1887.5;-482.1015625
1;39100;KELP;2034;8;2033;30;;;2037;30;;;;;2035.5;314.112060546875
1;39100;SQUID_INK;1888;8;1887;30;;;1890;30;;;;;1889.0;-488.796875
1;39100;RAINFOREST_RESIN;9992;30;;;;;10008;30;;;;;10000.0;1483.0
1;39200;KELP;2034;5;2033;21;;;2035;4;2037;21;;;2034.5;315.03857421875
1;39200;SQUID_INK;1887;26;;;;;1888;4;1890;21;;;1887.5;-474.515625
1;39200;RAINFOREST_RESIN;9997;2;9992;30;;;10008;30;;;;;10002.5;1483.0
1;39300;SQUID_INK;1887;24;;;;;1891;24;;;;;1889.0;-496.65625
1;39300;RAINFOREST_RESIN;9992;27;;;;;10008;27;;;;;10000.0;1483.0
1;39300;KELP;2034;24;;;;;2037;24;;;;;2035.5;315.272216796875
1;39400;RAINFOREST_RESIN;9992;31;;;;;10008;31;;;;;10000.0;1483.0
1;39400;KELP;2034;21;;;;;2037;21;;;;;2035.5;315.2315673828125
1;39400;SQUID_INK;1888;21;;;;;1891;21;;;;;1889.5;-534.96875
1;39500;KELP;2034;29;;;;;2036;3;2037;29;;;2035.0;315.2620849609375
1;39500;SQUID_INK;1888;29;;;;;1890;3;1891;29;;;1889.0;-514.3125
1;39500;RAINFOREST_RESIN;9992;32;;;;;10008;32;;;;;10000.0;1483.0
1;39600;SQUID_INK;1888;31;;;;;1891;31;;;;;1889.5;-523.1875
1;39600;KELP;2034;31;;;;;2037;31;;;;;2035.5;315.273193359375
1;39600;RAINFOREST_RESIN;9992;35;;;;;10008;35;;;;;10000.0;1483.0
1;39700;RAINFOREST_RESIN;9992;26;;;;;10008;26;;;;;10000.0;1497.0
1;39700;SQUID_INK;1889;29;;;;;1890;6;1892;30;;;1889.5;-588.4921875
1;39700;KELP;2033;29;;;;;2035;6;2037;30;;;2034.0;315.13037109375
1;39800;RAINFOREST_RESIN;9992;29;;;;;10008;29;;;;;10000.0;1497.0
1;39800;KELP;2034;2;2033;22;;;2037;24;;;;;2035.5;315.18115234375
1;39800;SQUID_INK;1889;24;;;;;1892;24;;;;;1890.5;-575.6171875
1;39900;KELP;2034;29;;;;;2036;7;2037;29;;;2035.0;315.2734375
1;39900;RAINFOREST_RESIN;9992;34;;;;;10008;34;;;;;10000.0;1497.0
1;39900;SQUID_INK;1888;29;;;;;1890;7;1892;29;;;1889.0;-550.015625
1;40000;KELP;2034;26;;;;;2037;26;;;;;2035.5;315.2303466796875
1;40000;SQUID_INK;1889;1;1888;25;;;1892;26;;;;;1890.5;-555.0390625
1;40000;RAINFOREST_RESIN;10003;11;9992;33;;;10008;33;;;;;10005.5;1497.0
1;40100;RAINFOREST_RESIN;9992;34;;;;;10003;7;10008;34;;;9997.5;1530.0
1;40100;SQUID_INK;1889;30;;;;;1891;4;1892;30;;;1890.0;-570.0390625
1;40100;KELP;2033;30;;;;;2035;4;2037;30;;;2034.0;315.876953125
1;40200;RAINFOREST_RESIN;9992;25;;;;;10008;25;;;;;10000.0;1530.0
1;40200;KELP;2034;1;2033;24;;;2037;25;;;;;2035.5;317.392578125
1;40200;SQUID_INK;1888;25;;;;;1891;25;;;;;1889.5;-521.875
1;40300;KELP;2034;1;2033;29;;;2037;30;;;;;2035.5;322.982421875
1;40300;RAINFOREST_RESIN;9992;32;;;;;10008;32;;;;;10000.0;1530.0
1;40300;SQUID_INK;1888;30;;;;;1891;1;1892;29;;;1889.5;-546.3046875
1;40400;KELP;2033;25;;;;;2037;25;;;;;2035.0;321.4296875
1;40400;SQUID_INK;1888;2;1887;23;;;1891;25;;;;;1889.5;-504.1015625
1;40400;RAINFOREST_RESIN;9992;34;;;;;10008;34;;;;;10000.0;1530.0
1;40500;RAINFOREST_RESIN;9992;33;;;;;10003;7;10008;33;;;9997.5;1530.0
1;40500;SQUID_INK;1889;1;1888;21;;;1892;22;;;;;1890.5;-556.25
1;40500;KELP;2034;1;2033;21;;;2037;22;;;;;2035.5;322.517578125
1;40600;RAINFOREST_RESIN;9992;25;;;;;10008;25;;;;;10000.0;1530.0
1;40600;KELP;2033;28;;;;;2037;28;;;;;2035.0;333.5751953125
1;40600;SQUID_INK;1889;28;;;;;1892;28;;;;;1890.5;-586.546875
1;40700;KELP;2036;1;2034;36;;;2037;30;;;;;2036.5;333.0439453125
1;40700;RAINFOREST_RESIN;9992;33;;;;;10008;33;;;;;10000.0;1530.0
1;40700;SQUID_INK;1891;1;1889;36;;;1892;30;;;;;1891.5;-568.46875
1;40800;SQUID_INK;1888;21;;;;;1891;21;;;;;1889.5;-520.328125
1;40800;KELP;2034;21;;;;;2037;21;;;;;2035.5;333.7099609375
1;40800;RAINFOREST_RESIN;9997;5;9992;26;;;10008;26;;;;;10002.5;1530.0
1;40900;RAINFOREST_RESIN;9992;32;;;;;10008;32;;;;;10000.0;1530.0
1;40900;SQUID_INK;1886;28;;;;;1889;25;;;;;1887.5;-430.296875
1;40900;KELP;2034;28;;;;;2037;25;;;;;2035.5;333.658203125
1;41000;RAINFOREST_RESIN;9992;30;;;;;10008;30;;;;;10000.0;1530.0
1;41000;SQUID_INK;1887;21;;;;;1888;2;1889;7;1890;21;1887.5;-478.359375
1;41000;KELP;2034;21;;;;;2035;2;2036;7;2037;21;2034.5;333.0908203125
1;41100;KELP;2034;25;;;;;2037;25;;;;;2035.5;334.2509765625
1;41100;RAINFOREST_RESIN;9992;26;;;;;10008;26;;;;;10000.0;1565.0
1;41100;SQUID_INK;1887;2;1886;23;;;1890;25;;;;;1888.5;-454.421875
1;41200;SQUID_INK;1887;20;;;;;1890;20;;;;;1888.5;-478.1171875
1;41200;KELP;2034;20;;;;;2037;20;;;;;2035.5;333.5751953125
1;41200;RAINFOREST_RESIN;9992;32;;;;;10008;32;;;;;10000.0;1565.0
1;41300;RAINFOREST_RESIN;9992;28;;;;;10008;28;;;;;10000.0;1565.0
1;41300;SQUID_INK;1888;35;;;;;1891;27;;;;;1889.5;-515.8046875
1;41300;KELP;2034;35;;;;;2037;27;;;;;2035.5;333.9091796875
1;41400;RAINFOREST_RESIN;9992;32;;;;;10008;32;;;;;10000.0;1572.0
1;41400;SQUID_INK;1889;30;;;;;1892;30;;;;;1890.5;-568.5234375
1;41400;KELP;2034;30;;;;;2037;30;;;;;2035.5;333.53466796875
1;41500;KELP;2034;38;;;;;2037;31;;;;;2035.5;333.10595703125
1;41500;RAINFOREST_RESIN;9992;32;;;;;10008;32;;;;;10000.0;1572.0
1;41500;SQUID_INK;1889;38;;;;;1892;31;;;;;1890.5;-578.8125
1;41600;SQUID_INK;1890;26;;;;;1893;26;;;;;1891.5;-642.1796875
1;41600;KELP;2034;26;;;;;2037;26;;;;;2035.5;333.6416015625
1;41600;RAINFOREST_RESIN;9992;31;;;;;10008;31;;;;;10000.0;1572.0
1;41700;RAINFOREST_RESIN;9992;25;;;;;9998;4;10008;25;;;9995.0;1572.0
1;41700;SQUID_INK;1892;2;1891;23;;;1894;23;;;;;1893.0;-664.421875
1;41700;KELP;2036;2;2034;23;;;2037;23;;;;;2036.5;333.2138671875
1;41800;RAINFOREST_RESIN;9992;28;;;;;10008;28;;;;;10000.0;1580.0
1;41800;SQUID_INK;1892;21;;;;;1895;22;;;;;1893.5;-718.078125
1;41800;KELP;2034;21;;;;;2037;22;;;;;2035.5;333.6611328125
1;41900;KELP;2034;28;;;;;2038;28;;;;;2036.0;333.041015625
1;41900;RAINFOREST_RESIN;9992;25;;;;;10008;25;;;;;10000.0;1580.0
1;41900;SQUID_INK;1892;28;;;;;1896;28;;;;;1894.0;-750.9375
1;42000;SQUID_INK;1893;28;;;;;1896;28;;;;;1894.5;-789.3828125
1;42000;KELP;2034;28;;;;;2037;1;2038;27;;;2035.5;333.029296875
1;42000;RAINFOREST_RESIN;9992;32;;;;;10008;32;;;;;10000.0;1580.0
1;42100;RAINFOREST_RESIN;9992;34;;;;;10008;34;;;;;10000.0;1580.0
1;42100;SQUID_INK;1894;29;;;;;1897;22;;;;;1895.5;-816.8359375
1;42100;KELP;2035;7;2034;22;;;2038;22;;;;;2036.5;332.724609375
1;42200;RAINFOREST_RESIN;9992;28;;;;;10008;28;;;;;10000.0;1580.0
1;42200;SQUID_INK;1894;22;;;;;1898;22;;;;;1896.0;-850.8984375
1;42200;KELP;2034;22;;;;;2037;22;;;;;2035.5;333.3359375
1;42300;KELP;2034;22;;;;;2037;2;2038;20;;;2035.5;333.033203125
1;42300;RAINFOREST_RESIN;9992;26;;;;;10008;26;;;;;10000.0;1580.0
1;42300;SQUID_INK;1895;22;;;;;1898;22;;;;;1896.5;-877.6328125
1;42400;SQUID_INK;1893;28;;;;;1896;28;;;;;1894.5;-759.609375
1;42400;KELP;2034;28;;;;;2037;28;;;;;2035.5;333.1376953125
1;42400;RAINFOREST_RESIN;9992;34;;;;;10008;34;;;;;10000.0;1580.0
1;42500;RAINFOREST_RESIN;9992;34;;;;;10008;34;;;;;10000.0;1580.0
1;42500;SQUID_INK;1892;24;;;;;1894;2;1896;24;;;1893.0;-753.2578125
1;42500;KELP;2034;24;;;;;2036;2;2037;24;;;2035.0;334.3525390625
1;42600;RAINFOREST_RESIN;9992;26;;;;;9998;5;10008;26;;;9995.0;1580.0
1;42600;SQUID_INK;1894;1;1892;28;;;1895;28;;;;;1894.5;-731.0078125
1;42600;KELP;2036;1;2034;28;;;2037;28;;;;;2036.5;333.994140625
1;42700;KELP;2034;24;;;;;2037;24;;;;;2035.5;334.3408203125
1;42700;RAINFOREST_RESIN;9992;26;;;;;10008;26;;;;;10000.0;1590.0
1;42700;SQUID_INK;1893;1;1892;23;;;1896;24;;;;;1894.5;-753.7890625
1;42800;SQUID_INK;1893;29;;;;;1894;2;1896;29;;;1893.5;-762.4609375
1;42800;KELP;2034;29;;;;;2035;2;2038;29;;;2034.5;333.8837890625
1;42800;RAINFOREST_RESIN;9992;31;;;;;10008;31;;;;;10000.0;1590.0
1;42900;RAINFOREST_RESIN;9992;33;;;;;10008;33;;;;;10000.0;1590.0
1;42900;SQUID_INK;1893;20;;;;;1897;20;;;;;1895.0;-794.5
1;42900;KELP;2034;20;;;;;2038;20;;;;;2036.0;335.56201171875
1;43000;RAINFOREST_RESIN;9992;32;;;;;10008;32;;;;;10000.0;1590.0
1;43000;SQUID_INK;1894;27;;;;;1897;1;1898;26;;;1895.5;-845.0390625
1;43000;KELP;2034;27;;;;;2038;27;;;;;2036.0;335.3193359375
1;43100;KELP;2034;25;;;;;2037;1;2038;24;;;2035.5;335.4755859375
1;43100;RAINFOREST_RESIN;9997;7;9992;29;;;10008;29;;;;;10002.5;1590.0
1;43100;SQUID_INK;1891;25;;;;;1894;25;;;;;1892.5;-664.2734375
1;43200;SQUID_INK;1891;31;;;;;1894;31;;;;;1892.5;-678.5859375
1;43200;KELP;2034;31;;;;;2038;31;;;;;2036.0;335.21142578125
1;43200;RAINFOREST_RESIN;9992;25;;;;;10008;25;;;;;10000.0;1590.0
1;43300;RAINFOREST_RESIN;9992;27;;;;;10008;27;;;;;10000.0;1590.0
1;43300;SQUID_INK;1894;1;1892;20;;;1896;20;;;;;1895.0;-747.7890625
1;43300;KELP;2036;1;2034;20;;;2038;20;;;;;2037.0;335.2412109375
1;43400;RAINFOREST_RESIN;9992;34;;;;;10003;8;10008;34;;;9997.5;1590.0
1;43400;SQUID_INK;1893;24;;;;;1896;24;;;;;1894.5;-768.234375
1;43400;KELP;2034;24;;;;;2038;24;;;;;2036.0;335.2705078125
1;43500;KELP;2035;6;2034;25;;;2038;25;;;;;2036.5;335.150390625
1;43500;RAINFOREST_RESIN;9992;30;;;;;9999;1;10008;30;;;9995.5;1590.0
1;43500;SQUID_INK;1893;31;;;;;1896;25;;;;;1894.5;-762.59375
1;43600;SQUID_INK;1894;22;;;;;1896;1;1898;22;;;1895.0;-855.375
1;43600;RAINFOREST_RESIN;9997;3;9992;29;;;10008;29;;;;;10002.5;1591.0
1;43600;KELP;2034;22;;;;;2036;1;2038;22;;;2035.0;335.2431640625
1;43700;SQUID_INK;1893;30;;;;;1896;30;;;;;1894.5;-776.859375
1;43700;KELP;2034;30;;;;;2038;30;;;;;2036.0;335.2138671875
1;43700;RAINFOREST_RESIN;9997;5;9992;33;;;10008;33;;;;;10002.5;1591.0
1;43800;SQUID_INK;1893;23;;;;;1896;23;;;;;1894.5;-774.1484375
1;43800;RAINFOREST_RESIN;9992;31;;;;;10008;31;;;;;10000.0;1591.0
1;43800;KELP;2034;23;;;;;2038;23;;;;;2036.0;335.18115234375
1;43900;KELP;2035;6;2034;26;;;2038;26;;;;;2036.5;340.0732421875
1;43900;RAINFOREST_RESIN;9992;29;;;;;10008;29;;;;;10000.0;1591.0
1;43900;SQUID_INK;1894;8;1893;24;;;1897;26;;;;;1895.5;-804.546875
1;44000;SQUID_INK;1894;27;;;;;1897;27;;;;;1895.5;-835.671875
1;44000;RAINFOREST_RESIN;9992;32;;;;;10008;32;;;;;10000.0;1591.0
1;44000;KELP;2034;27;;;;;2038;27;;;;;2036.0;342.29296875
1;44100;KELP;2034;24;;;;;2036;4;2038;24;;;2035.0;343.0078125
1;44100;SQUID_INK;1894;24;;;;;1896;4;1897;24;;;1895.0;-824.578125
1;44100;RAINFOREST_RESIN;9992;35;;;;;10008;35;;;;;10000.0;1591.0
1;44200;SQUID_INK;1894;24;;;;;1897;24;;;;;1895.5;-836.0078125
1;44200;RAINFOREST_RESIN;9992;28;;;;;10008;28;;;;;10000.0;1591.0
1;44200;KELP;2034;24;;;;;2038;24;;;;;2036.0;341.181640625
1;44300;KELP;2035;2;2034;24;;;2038;26;;;;;2036.5;340.15625
1;44300;SQUID_INK;1897;26;;;;;1900;26;;;;;1898.5;-976.7265625
1;44300;RAINFOREST_RESIN;9997;8;9992;32;;;10008;32;;;;;10002.5;1591.0
1;44400;RAINFOREST_RESIN;9992;32;;;;;10003;6;10008;32;;;9997.5;1591.0
1;44400;KELP;2035;1;2034;26;;;2038;26;;;;;2036.5;341.0625
1;44400;SQUID_INK;1898;1;1897;26;;;1901;26;;;;;1899.5;-999.5703125
1;44500;KELP;2034;30;;;;;2038;30;;;;;2036.0;340.244140625
1;44500;SQUID_INK;1897;30;;;;;1900;30;;;;;1898.5;-975.984375
1;44500;RAINFOREST_RESIN;9992;27;;;;;10008;27;;;;;10000.0;1591.0
1;44600;SQUID_INK;1898;22;;;;;1901;22;;;;;1899.5;-1011.296875
1;44600;RAINFOREST_RESIN;9992;33;;;;;10008;33;;;;;10000.0;1591.0
1;44600;KELP;2035;1;2034;21;;;2038;22;;;;;2036.5;339.951171875
1;44700;KELP;2035;2;2034;25;;;2036;6;2038;27;;;2035.5;340.6640625
1;44700;SQUID_INK;1898;27;;;;;1900;6;1901;27;;;1899.0;-1038.453125
1;44700;RAINFOREST_RESIN;9992;31;;;;;10003;8;10008;31;;;9997.5;1591.0
1;44800;RAINFOREST_RESIN;9992;26;;;;;9999;1;10008;26;;;9995.5;1591.0
1;44800;KELP;2034;25;;;;;2036;3;2038;25;;;2035.0;342.671875
1;44800;SQUID_INK;1898;25;;;;;1900;3;1901;25;;;1899.0;-1015.40625
1;44900;KELP;2034;23;;;;;2038;23;;;;;2036.0;341.44921875
1;44900;SQUID_INK;1898;23;;;;;1901;23;;;;;1899.5;-1019.0546875
1;44900;RAINFOREST_RESIN;10001;1;9992;27;;;10003;6;10008;27;;;10002.0;1592.0
1;45000;SQUID_INK;1899;27;;;;;1902;28;;;;;1900.5;-1057.7578125
1;45000;RAINFOREST_RESIN;9992;25;;;;;10008;25;;;;;10000.0;1593.0
1;45000;KELP;2034;28;;;;;2035;1;2038;28;;;2034.5;341.748046875
1;45100;KELP;2034;27;;;;;2037;27;;;;;2035.5;345.099609375
1;45100;SQUID_INK;1899;27;;;;;1902;27;;;;;1900.5;-1067.5
1;45100;RAINFOREST_RESIN;9997;6;9992;31;;;10008;31;;;;;10002.5;1593.0
1;45200;RAINFOREST_RESIN;9992;28;;;;;10008;28;;;;;10000.0;1593.0
1;45200;KELP;2034;20;;;;;2037;21;;;;;2035.5;346.041015625
1;45200;SQUID_INK;1899;20;;;;;1902;21;;;;;1900.5;-1080.7109375
1;45300;SQUID_INK;1900;22;;;;;1903;23;;;;;1901.5;-1109.9453125
1;45300;KELP;2034;22;;;;;2037;23;;;;;2035.5;345.779296875
1;45300;RAINFOREST_RESIN;9997;7;9992;34;;;10008;34;;;;;10002.5;1593.0
1;45400;SQUID_INK;1900;25;;;;;1904;25;;;;;1902.0;-1144.5703125
1;45400;RAINFOREST_RESIN;9992;28;;;;;9999;1;10008;28;;;9995.5;1593.0
1;45400;KELP;2034;25;;;;;2037;25;;;;;2035.5;345.87109375
1;45500;SQUID_INK;1900;21;;;;;1901;3;1903;1;1904;20;1900.5;-1145.5546875
1;45500;KELP;2034;18;;;;;2037;21;;;;;2035.5;346.755859375
1;45500;RAINFOREST_RESIN;9992;30;;;;;10008;30;;;;;10000.0;1594.0
1;45600;RAINFOREST_RESIN;9992;28;;;;;10008;28;;;;;10000.0;1594.0
1;45600;KELP;2034;24;;;;;2036;6;2037;24;;;2035.0;346.5546875
1;45600;SQUID_INK;1900;24;;;;;1902;6;1903;1;1904;23;1901.0;-1146.3046875
1;45700;SQUID_INK;1902;23;;;;;1905;23;;;;;1903.5;-1211.1171875
1;45700;KELP;2034;23;;;;;2037;23;;;;;2035.5;347.375
1;45700;RAINFOREST_RESIN;9992;29;;;;;10008;29;;;;;10000.0;1594.0
1;45800;SQUID_INK;1901;5;1900;32;;;1903;32;;;;;1902.0;-1131.65625
1;45800;RAINFOREST_RESIN;9992;30;;;;;10008;30;;;;;10000.0;1594.0
1;45800;KELP;2035;5;2034;32;;;2037;32;;;;;2036.0;348.4921875
1;45900;SQUID_INK;1899;25;;;;;1902;26;;;;;1900.5;-1074.90625
1;45900;KELP;2034;25;;;;;2037;26;;;;;2035.5;347.943359375
1;45900;RAINFOREST_RESIN;9992;34;;;;;10008;34;;;;;10000.0;1650.0
1;46000;RAINFOREST_RESIN;9992;34;;;;;10008;34;;;;;10000.0;1650.0
1;46000;KELP;2034;23;;;;;2037;23;;;;;2035.5;348.484375
1;46000;SQUID_INK;1900;23;;;;;1903;23;;;;;1901.5;-1111.3828125
1;46100;SQUID_INK;1901;4;1900;25;;;1903;25;;;;;1902.0;-1142.453125
1;46100;KELP;2034;29;;;;;2037;25;;;;;2035.5;348.388671875
1;46100;RAINFOREST_RESIN;9992;30;;;;;10008;30;;;;;10000.0;1650.0
1;46200;SQUID_INK;1899;28;;;;;1902;24;;;;;1900.5;-1067.0078125
1;46200;RAINFOREST_RESIN;9992;25;;;;;10008;25;;;;;10000.0;1650.0
1;46200;KELP;2034;28;;;;;2037;24;;;;;2035.5;349.3046875
1;46300;SQUID_INK;1898;28;;;;;1901;28;;;;;1899.5;-1016.3046875
1;46300;RAINFOREST_RESIN;9992;25;;;;;10008;25;;;;;10000.0;1650.0
1;46300;KELP;2034;28;;;;;2037;28;;;;;2035.5;348.935546875
1;46400;RAINFOREST_RESIN;9992;28;;;;;10008;28;;;;;10000.0;1650.0
1;46400;KELP;2036;1;2034;24;;;2037;24;;;;;2036.5;348.48828125
1;46400;SQUID_INK;1900;1;1898;24;;;1901;24;;;;;1900.5;-1016.5703125
1;46500;KELP;2036;2;2034;30;;;2037;30;;;;;2036.5;347.78125
1;46500;SQUID_INK;1898;2;1896;30;;;1899;30;;;;;1898.5;-942.546875
1;46500;RAINFOREST_RESIN;9997;7;9992;34;;;10008;34;;;;;10002.5;1650.0
1;46600;KELP;2036;1;2034;32;;;2037;28;;;;;2036.5;347.86328125
1;46600;SQUID_INK;1898;1;1896;32;;;1899;28;;;;;1898.5;-910.2734375
1;46600;RAINFOREST_RESIN;9992;33;;;;;10008;33;;;;;10000.0;1650.0
1;46700;SQUID_INK;1894;30;;;;;1897;1;1898;29;;;1895.5;-844.796875
1;46700;RAINFOREST_RESIN;9992;35;;;;;10003;5;10008;35;;;9997.5;1650.0
1;46700;KELP;2034;30;;;;;2037;30;;;;;2035.5;349.33203125
1;46800;RAINFOREST_RESIN;9992;34;;;;;10008;34;;;;;10000.0;1650.0
1;46800;KELP;2034;25;;;;;2037;25;;;;;2035.5;349.724609375
1;46800;SQUID_INK;1894;25;;;;;1897;25;;;;;1895.5;-834.28125
1;46900;KELP;2034;20;;;;;2037;30;;;;;2035.5;349.859375
1;46900;SQUID_INK;1895;20;;;;;1898;30;;;;;1896.5;-875.8046875
1;46900;RAINFOREST_RESIN;9992;32;;;;;10008;32;;;;;10000.0;1650.0
1;47000;KELP;2034;23;;;;;2037;23;;;;;2035.5;348.40625
1;47000;SQUID_INK;1895;1;1894;22;;;1898;23;;;;;1896.5;-852.4921875
1;47000;RAINFOREST_RESIN;10002;3;9992;33;;;10008;33;;;;;10005.0;1650.0
1;47100;SQUID_INK;1894;22;;;;;1897;22;;;;;1895.5;-837.9609375
1;47100;RAINFOREST_RESIN;9992;26;;;;;10008;26;;;;;10000.0;1656.0
1;47100;KELP;2034;22;;;;;2037;22;;;;;2035.5;347.869140625
1;47200;RAINFOREST_RESIN;9992;25;;;;;10003;8;10008;25;;;9997.5;1656.0
1;47200;KELP;2036;1;2034;23;;;2037;23;;;;;2036.5;348.41796875
1;47200;SQUID_INK;1896;1;1894;23;;;1897;23;;;;;1896.5;-815.03125
1;47300;KELP;2034;26;;;;;2037;21;;;;;2035.5;346.673828125
1;47300;SQUID_INK;1894;5;1893;21;;;1897;21;;;;;1895.5;-798.7734375
1;47300;RAINFOREST_RESIN;9992;29;;;;;10000;3;10008;29;;;9996.0;1656.0
1;47400;KELP;2036;5;2034;22;;;2037;22;;;;;2036.5;347.8203125
1;47400;SQUID_INK;1894;5;1892;22;;;1896;22;;;;;1895.0;-753.7734375
1;47400;RAINFOREST_RESIN;10002;4;9992;35;;;10008;35;;;;;10005.0;1656.0
1;47500;SQUID_INK;1892;22;;;;;1894;5;1895;22;;;1893.0;-735.8203125
1;47500;RAINFOREST_RESIN;9992;33;;;;;10008;33;;;;;10000.0;1664.0
1;47500;KELP;2034;22;;;;;2036;5;2037;22;;;2035.0;349.14453125
1;47600;RAINFOREST_RESIN;9992;27;;;;;10008;27;;;;;10000.0;1664.0
1;47600;KELP;2034;21;;;;;2038;21;;;;;2036.0;344.33984375
1;47600;SQUID_INK;1892;21;;;;;1895;21;;;;;1893.5;-734.53125
1;47700;KELP;2034;23;;;;;2036;4;2038;23;;;2035.0;346.4609375
1;47700;SQUID_INK;1893;23;;;;;1895;4;1896;23;;;1894.0;-773.734375
1;47700;RAINFOREST_RESIN;9992;29;;;;;10008;29;;;;;10000.0;1664.0
1;47800;KELP;2034;20;;;;;2036;7;2038;20;;;2035.0;353.63671875
1;47800;SQUID_INK;1893;20;;;;;1895;7;1897;20;;;1894.0;-793.90625
1;47800;RAINFOREST_RESIN;9992;34;;;;;10008;34;;;;;10000.0;1664.0
1;47900;SQUID_INK;1893;23;;;;;1897;23;;;;;1895.0;-797.78125
1;47900;RAINFOREST_RESIN;9992;35;;;;;10008;35;;;;;10000.0;1664.0
1;47900;KELP;2034;23;;;;;2038;23;;;;;2036.0;353.451171875
1;48000;RAINFOREST_RESIN;9992;33;;;;;10008;33;;;;;10000.0;1664.0
1;48000;KELP;2034;27;;;;;2038;27;;;;;2036.0;353.083984375
1;48000;SQUID_INK;1893;27;;;;;1896;27;;;;;1894.5;-780.65625
1;48100;KELP;2034;30;;;;;2036;1;2038;30;;;2035.0;352.53125
1;48100;SQUID_INK;1895;30;;;;;1897;1;1898;30;;;1896.0;-881.0
1;48100;RAINFOREST_RESIN;9992;28;;;;;10008;28;;;;;10000.0;1671.0
1;48200;KELP;2035;1;2034;27;;;2038;27;;;;;2036.5;352.07421875
1;48200;SQUID_INK;1897;2;1896;26;;;1900;27;;;;;1898.5;-954.2734375
1;48200;RAINFOREST_RESIN;10001;1;9992;32;;;10008;32;;;;;10004.5;1727.0
1;48300;SQUID_INK;1896;17;;;;;1899;21;;;;;1897.5;-912.890625
1;48300;RAINFOREST_RESIN;10002;5;9992;34;;;10008;34;;;;;10005.0;1728.0
1;48300;KELP;2034;21;;;;;2035;4;2038;21;;;2034.5;353.53125
1;48400;RAINFOREST_RESIN;10001;1;9992;33;;;10003;7;10008;33;;;10002.0;1738.0
1;48400;KELP;2034;32;;;;;2036;6;2037;2;2038;30;2035.0;357.9111328125
1;48400;SQUID_INK;1897;32;;;;;1899;6;1900;32;;;1898.0;-970.171875
1;48500;KELP;2034;29;;;;;2037;29;;;;;2035.5;358.2685546875
1;48500;RAINFOREST_RESIN;10001;1;9992;30;;;10008;30;;;;;10004.5;1739.0
1;48500;SQUID_INK;1897;29;;;;;1901;29;;;;;1899.0;-1001.7890625
1;48600;KELP;2034;27;;;;;2037;1;2038;26;;;2035.5;357.8037109375
1;48600;SQUID_INK;1896;27;;;;;1899;27;;;;;1897.5;-936.1171875
1;48600;RAINFOREST_RESIN;10001;1;9992;26;;;10008;26;;;;;10004.5;1740.0
1;48700;RAINFOREST_RESIN;9992;35;;;;;10008;35;;;;;10000.0;1741.0
1;48700;SQUID_INK;1896;23;;;;;1897;2;1899;23;;;1896.5;-941.46875
1;48700;KELP;2034;23;;;;;2035;2;2037;23;;;2034.5;358.412109375
1;48800;RAINFOREST_RESIN;9992;25;;;;;10008;25;;;;;10000.0;1741.0
1;48800;KELP;2034;29;;;;;2037;29;;;;;2035.5;359.76220703125
1;48800;SQUID_INK;1896;1;1895;28;;;1899;29;;;;;1897.5;-904.15625
1;48900;KELP;2034;21;;;;;2037;22;;;;;2035.5;359.72900390625
1;48900;RAINFOREST_RESIN;9992;33;;;;;10008;33;;;;;10000.0;1741.0
1;48900;SQUID_INK;1896;21;;;;;1899;22;;;;;1897.5;-935.90625
1;49000;KELP;2034;29;;;;;2037;29;;;;;2035.5;359.72900390625
1;49000;SQUID_INK;1896;29;;;;;1899;29;;;;;1897.5;-935.6796875
1;49000;RAINFOREST_RESIN;9992;30;;;;;10008;30;;;;;10000.0;1741.0
1;49100;RAINFOREST_RESIN;9992;31;;;;;10008;31;;;;;10000.0;1741.0
1;49100;SQUID_INK;1895;30;;;;;1898;30;;;;;1896.5;-883.140625
1;49100;KELP;2034;30;;;;;2037;30;;;;;2035.5;359.69970703125
1;49200;RAINFOREST_RESIN;9992;26;;;;;10008;26;;;;;10000.0;1741.0
1;49200;KELP;2034;26;;;;;2037;26;;;;;2035.5;359.6669921875
1;49200;SQUID_INK;1895;26;;;;;1898;26;;;;;1896.5;-858.328125
1;49300;KELP;2035;6;2034;29;;;2038;29;;;;;2036.5;359.513671875
1;49300;RAINFOREST_RESIN;9992;30;;;;;10008;30;;;;;10000.0;1748.0
1;49300;SQUID_INK;1894;35;;;;;1897;29;;;;;1895.5;-810.3515625
1;49400;KELP;2034;23;;;;;2037;1;2038;22;;;2035.5;359.634765625
1;49400;SQUID_INK;1891;23;;;;;1895;23;;;;;1893.0;-698.5625
1;49400;RAINFOREST_RESIN;9992;27;;;;;10008;27;;;;;10000.0;1748.0
1;49500;RAINFOREST_RESIN;9992;26;;;;;10008;26;;;;;10000.0;1748.0
1;49500;SQUID_INK;1892;25;;;;;1895;25;;;;;1893.5;-708.6875
1;49500;KELP;2034;25;;;;;2037;25;;;;;2035.5;359.6669921875
1;49600;RAINFOREST_RESIN;9992;32;;;;;10000;2;10008;32;;;9996.0;1748.0
1;49600;SQUID_INK;1891;2;1890;28;;;1892;3;1894;30;;;1891.5;-655.609375
1;49600;KELP;2034;30;;;;;2035;3;2038;30;;;2034.5;359.0126953125
1;49700;KELP;2036;1;2035;6;2034;21;2038;21;;;;;2037.0;362.0
1;49700;RAINFOREST_RESIN;9992;28;;;;;10008;28;;;;;10000.0;1748.0
1;49700;SQUID_INK;1892;1;1890;27;;;1893;21;;;;;1892.5;-613.3203125
1;49800;SQUID_INK;1890;19;;;;;1893;20;;;;;1891.5;-609.4296875
1;49800;KELP;2034;19;;;;;2038;20;;;;;2036.0;362.0
1;49800;RAINFOREST_RESIN;9992;29;;;;;10008;29;;;;;10000.0;1748.0
1;49900;RAINFOREST_RESIN;9992;34;;;;;10008;34;;;;;10000.0;1776.0
1;49900;SQUID_INK;1891;5;1890;24;;;1894;24;;;;;1892.5;-651.3125
1;49900;KELP;2035;5;2034;24;;;2038;24;;;;;2036.5;363.054443359375
1;50000;RAINFOREST_RESIN;9992;35;;;;;10008;35;;;;;10000.0;1776.0
1;50000;SQUID_INK;1892;26;;;;;1895;26;;;;;1893.5;-719.3046875
1;50000;KELP;2034;26;;;;;2038;26;;;;;2036.0;363.02490234375
1;50100;KELP;2034;24;;;;;2038;24;;;;;2036.0;362.95361328125
1;50100;RAINFOREST_RESIN;9992;26;;;;;10000;5;10008;26;;;9996.0;1818.0
1;50100;SQUID_INK;1891;24;;;;;1894;24;;;;;1892.5;-687.5859375
1;50200;SQUID_INK;1892;29;;;;;1895;29;;;;;1893.5;-713.15625
1;50200;KELP;2035;1;2034;28;;;2038;29;;;;;2036.5;362.7860107421875
1;50200;RAINFOREST_RESIN;9992;34;;;;;10008;34;;;;;10000.0;1818.0
1;50300;RAINFOREST_RESIN;9992;25;;;;;10008;25;;;;;10000.0;1818.0
1;50300;SQUID_INK;1890;23;;;;;1892;4;1894;23;;;1891.0;-648.0
1;50300;KELP;2034;23;;;;;2037;4;2038;23;;;2035.5;362.7962646484375
1;50400;RAINFOREST_RESIN;9992;27;;;;;10003;3;10008;27;;;9997.5;1818.0
1;50400;SQUID_INK;1890;22;;;;;1893;23;;;;;1891.5;-625.734375
1;50400;KELP;2035;1;2034;21;;;2038;23;;;;;2036.5;362.806884765625
1;50500;KELP;2036;4;2035;28;;;2038;28;;;;;2037.0;362.76513671875
1;50500;RAINFOREST_RESIN;9992;27;;;;;10008;27;;;;;10000.0;1818.0
1;50500;SQUID_INK;1892;4;1891;28;;;1894;28;;;;;1893.0;-659.8984375
1;50600;SQUID_INK;1893;24;;;;;1894;4;1896;24;;;1893.5;-780.34375
1;50600;KELP;2034;24;;;;;2036;4;2038;24;;;2035.0;362.89990234375
1;50600;RAINFOREST_RESIN;10002;3;9992;28;;;10008;28;;;;;10005.0;1818.0
1;50700;RAINFOREST_RESIN;9992;35;;;;;9999;1;10008;35;;;9995.5;1824.0
1;50700;SQUID_INK;1892;20;;;;;1896;20;;;;;1894.0;-748.1015625
1;50700;KELP;2034;20;;;;;2038;20;;;;;2036.0;362.8597412109375
1;50800;RAINFOREST_RESIN;9992;29;;;;;10008;29;;;;;10000.0;1825.0
1;50800;SQUID_INK;1893;28;;;;;1896;28;;;;;1894.5;-778.7109375
1;50800;KELP;2035;2;2034;26;;;2038;28;;;;;2036.5;362.8074951171875
1;50900;KELP;2035;29;;;;;2036;5;2038;30;;;2035.5;362.6761474609375
1;50900;RAINFOREST_RESIN;9992;35;;;;;10008;35;;;;;10000.0;1825.0
1;50900;SQUID_INK;1892;29;;;;;1893;5;1895;30;;;1892.5;-736.1484375
1;51000;SQUID_INK;1894;25;;;;;1897;25;;;;;1895.5;-824.6328125
1;51000;KELP;2035;25;;;;;2038;25;;;;;2036.5;363.92724609375
1;51000;RAINFOREST_RESIN;9992;28;;;;;10008;28;;;;;10000.0;1825.0
1;51100;RAINFOREST_RESIN;9992;31;;;;;10008;31;;;;;10000.0;1825.0
1;51100;SQUID_INK;1894;3;1893;29;;;1896;29;;;;;1895.0;-791.7265625
1;51100;KELP;2035;3;2034;29;;;2038;29;;;;;2036.5;363.23193359375
1;51200;RAINFOREST_RESIN;9992;32;;;;;10008;32;;;;;10000.0;1825.0
1;51200;SQUID_INK;1894;30;;;;;1898;30;;;;;1896.0;-846.03125
1;51200;KELP;2034;30;;;;;2038;30;;;;;2036.0;363.35205078125
1;51300;KELP;2034;25;;;;;2038;25;;;;;2036.0;363.43896484375
1;51300;RAINFOREST_RESIN;9992;30;;;;;10008;30;;;;;10000.0;1825.0
1;51300;SQUID_INK;1894;25;;;;;1897;25;;;;;1895.5;-841.1796875
1;51400;SQUID_INK;1895;23;;;;;1896;5;1898;23;;;1895.5;-859.984375
1;51400;KELP;2034;23;;;;;2036;5;2038;23;;;2035.0;363.28125
1;51400;RAINFOREST_RESIN;9992;34;;;;;10008;34;;;;;10000.0;1825.0
1;51500;RAINFOREST_RESIN;9992;25;;;;;10008;25;;;;;10000.0;1825.0
1;51500;SQUID_INK;1895;21;;;;;1898;21;;;;;1896.5;-858.71875
1;51500;KELP;2034;21;;;;;2038;21;;;;;2036.0;363.28125
1;51600;RAINFOREST_RESIN;9992;27;;;;;10008;27;;;;;10000.0;1881.0
1;51600;SQUID_INK;1897;3;1895;23;;;1898;23;;;;;1897.5;-878.6484375
1;51600;KELP;2036;3;2034;23;;;2038;23;;;;;2037.0;369.2216796875
1;51700;KELP;2035;2;2034;30;;;2038;32;;;;;2036.5;369.2626953125
1;51700;RAINFOREST_RESIN;9992;26;;;;;10008;26;;;;;10000.0;1881.0
1;51700;SQUID_INK;1896;32;;;;;1899;32;;;;;1897.5;-930.0078125
1;51800;SQUID_INK;1896;25;;;;;1899;25;;;;;1897.5;-930.3984375
1;51800;KELP;2034;25;;;;;2038;25;;;;;2036.0;369.36328125
1;51800;RAINFOREST_RESIN;9992;33;;;;;10008;33;;;;;10000.0;1881.0
1;51900;RAINFOREST_RESIN;9992;31;;;;;10008;31;;;;;10000.0;1881.0
1;51900;SQUID_INK;1897;28;;;;;1900;28;;;;;1898.5;-983.4609375
1;51900;KELP;2035;2;2034;26;;;2038;28;;;;;2036.5;369.38330078125
1;52000;RAINFOREST_RESIN;9992;25;;;;;10008;25;;;;;10000.0;1881.0
1;52000;SQUID_INK;1898;26;;;;;1899;5;1901;21;;;1898.5;-1017.390625
1;52000;KELP;2035;5;2034;21;;;2036;5;2038;21;;;2035.5;369.244384765625
1;52100;KELP;2035;1;2034;27;;;2038;28;;;;;2036.5;369.36865234375
1;52100;RAINFOREST_RESIN;9992;26;;;;;10008;26;;;;;10000.0;1881.0
1;52100;SQUID_INK;1898;28;;;;;1901;28;;;;;1899.5;-1010.25
1;52200;SQUID_INK;1897;22;;;;;1900;23;;;;;1898.5;-971.890625
1;52200;KELP;2035;22;;;;;2038;23;;;;;2036.5;369.490234375
1;52200;RAINFOREST_RESIN;10002;3;9997;7;9992;35;10008;35;;;;;10005.0;1881.0
1;52300;RAINFOREST_RESIN;9992;33;;;;;10003;7;10008;33;;;9997.5;1887.0
1;52300;SQUID_INK;1898;30;;;;;1901;30;;;;;1899.5;-1030.7421875
1;52300;KELP;2035;30;;;;;2038;30;;;;;2036.5;369.697265625
1;52400;RAINFOREST_RESIN;10003;7;9992;27;;;10008;27;;;;;10005.5;1887.0
1;52400;SQUID_INK;1898;2;1897;20;;;1899;4;1901;21;;;1898.5;-1003.0390625
1;52400;KELP;2035;22;;;;;2036;4;2038;21;;;2035.5;369.455810546875
1;52500;KELP;2035;27;;;;;2038;27;;;;;2036.5;370.974609375
1;52500;RAINFOREST_RESIN;9992;31;;;;;10008;31;;;;;10000.0;1908.0
1;52500;SQUID_INK;1897;27;;;;;1900;27;;;;;1898.5;-990.015625
1;52600;SQUID_INK;1897;31;;;;;1900;31;;;;;1898.5;-962.5703125
1;52600;RAINFOREST_RESIN;9992;28;;;;;10008;28;;;;;10000.0;1908.0
1;52600;KELP;2035;31;;;;;2038;31;;;;;2036.5;371.2080078125
1;52700;SQUID_INK;1899;1;1897;25;;;1900;25;;;;;1899.5;-985.2421875
1;52700;KELP;2037;1;2035;25;;;2038;25;;;;;2037.5;371.4052734375
1;52700;RAINFOREST_RESIN;9992;30;;;;;10008;30;;;;;10000.0;1908.0
1;52800;SQUID_INK;1900;1;1898;28;;;1901;28;;;;;1900.5;-1012.2265625
1;52800;RAINFOREST_RESIN;9992;33;;;;;10008;33;;;;;10000.0;1908.0
1;52800;KELP;2037;1;2035;28;;;2038;28;;;;;2037.5;372.00390625
1;52900;KELP;2035;27;;;;;2038;27;;;;;2036.5;371.94287109375
1;52900;RAINFOREST_RESIN;9992;35;;;;;10008;35;;;;;10000.0;1908.0
1;52900;SQUID_INK;1898;27;;;;;1901;27;;;;;1899.5;-1020.9921875
1;53000;RAINFOREST_RESIN;9992;31;;;;;10008;31;;;;;10000.0;1908.0
1;53000;KELP;2035;30;;;;;2038;30;;;;;2036.5;372.31298828125
1;53000;SQUID_INK;1897;30;;;;;1901;30;;;;;1899.0;-999.953125
1;53100;KELP;2035;23;;;;;2038;23;;;;;2036.5;372.19580078125
1;53100;SQUID_INK;1896;23;;;;;1899;23;;;;;1897.5;-936.734375
1;53100;RAINFOREST_RESIN;9992;30;;;;;10008;30;;;;;10000.0;1908.0
1;53200;SQUID_INK;1897;1;1895;23;;;1899;23;;;;;1898.0;-900.4296875
1;53200;RAINFOREST_RESIN;9992;33;;;;;10008;33;;;;;10000.0;1908.0
1;53200;KELP;2037;1;2035;23;;;2038;23;;;;;2037.5;372.5224609375
1;53300;KELP;2035;20;;;;;2038;20;;;;;2036.5;373.4423828125
1;53300;SQUID_INK;1896;20;;;;;1899;20;;;;;1897.5;-933.84375
1;53300;RAINFOREST_RESIN;9992;29;;;;;10008;29;;;;;10000.0;1908.0
1;53400;RAINFOREST_RESIN;9992;29;;;;;9998;3;10008;29;;;9995.0;1908.0
1;53400;KELP;2035;39;;;;;2038;32;;;;;2036.5;380.271484375
1;53400;SQUID_INK;1896;39;;;;;1899;32;;;;;1897.5;-913.09375
1;53500;KELP;2035;25;;;;;2037;2;2038;25;;;2036.0;379.88671875
1;53500;SQUID_INK;1896;25;;;;;1898;2;1900;25;;;1897.0;-950.65625
1;53500;RAINFOREST_RESIN;9992;32;;;;;10008;32;;;;;10000.0;1914.0
1;53600;SQUID_INK;1896;23;;;;;1899;23;;;;;1897.5;-921.8359375
1;53600;RAINFOREST_RESIN;9992;31;;;;;10008;31;;;;;10000.0;1914.0
1;53600;KELP;2035;23;;;;;2038;23;;;;;2036.5;379.8828125
1;53700;KELP;2035;24;;;;;2038;23;;;;;2036.5;379.29296875
1;53700;SQUID_INK;1895;24;;;;;1898;23;;;;;1896.5;-864.625
1;53700;RAINFOREST_RESIN;10001;1;9992;25;;;10008;25;;;;;10004.5;1914.0
1;53800;RAINFOREST_RESIN;10001;1;9992;25;;;10008;25;;;;;10004.5;1929.0
1;53800;KELP;2035;29;;;;;2038;29;;;;;2036.5;379.28515625
1;53800;SQUID_INK;1894;29;;;;;1897;29;;;;;1895.5;-839.0234375
1;53900;KELP;2035;26;;;;;2036;4;2038;26;;;2035.5;379.40234375
1;53900;SQUID_INK;1894;26;;;;;1895;4;1897;26;;;1894.5;-834.3359375
1;53900;RAINFOREST_RESIN;9992;33;;;;;10008;33;;;;;10000.0;1930.0
