day;timestamp;product;bid_price_1;bid_volume_1;bid_price_2;bid_volume_2;bid_price_3;bid_volume_3;ask_price_1;ask_volume_1;ask_price_2;ask_volume_2;ask_price_3;ask_volume_3;mid_price;profit_and_loss
1;0;SQUID_INK;1834;23;;;;;1838;23;;;;;1836.0;0.0
1;0;RAINFOREST_RESIN;9998;9;9995;23;;;10005;23;;;;;10001.5;0.0
1;0;KELP;2032;23;;;;;2035;23;;;;;2033.5;0.0
1;100;KELP;2034;1;2033;2;2032;22;2035;22;;;;;2034.5;0.0
1;100;SQUID_INK;1837;1;1836;2;1835;22;1839;22;;;;;1838.0;0.0
1;100;RAINFOREST_RESIN;10002;1;10000;2;9998;4;10004;1;10005;21;;;10003.0;0.0
1;200;RAINFOREST_RESIN;9996;1;9995;21;;;10004;1;10005;21;;;10000.0;2.0
1;200;KELP;2032;22;;;;;2035;22;;;;;2033.5;0.6317138671875
1;200;SQUID_INK;1832;22;;;;;1835;22;;;;;1833.5;0.0
1;300;KELP;2034;1;2032;26;;;2035;26;;;;;2034.5;1.344970703125
1;300;SQUID_INK;1836;1;1834;26;;;1837;26;;;;;1836.5;0.0
1;300;RAINFOREST_RESIN;9995;26;;;;;10005;26;;;;;10000.0;5.0
1;400;SQUID_INK;1833;28;;;;;1836;28;;;;;1834.5;0.0
1;400;RAINFOREST_RESIN;9998;8;9996;2;9995;26;10004;2;10005;26;;;10001.0;5.0
1;400;KELP;2032;28;;;;;2035;28;;;;;2033.5;1.9873046875
1;500;KELP;2032;24;;;;;2034;3;2035;24;;;2033.0;1.8974609375
1;500;SQUID_INK;1834;24;;;;;1836;3;1837;24;;;1835.0;0.0
1;500;RAINFOREST_RESIN;9998;8;9996;1;9995;23;10004;1;10005;23;;;10001.0;5.0
1;600;RAINFOREST_RESIN;9996;2;9995;28;;;10004;2;10005;28;;;10000.0;5.0
1;600;KELP;2033;5;2032;30;;;2035;30;;;;;2034.0;2.0498046875
1;600;SQUID_INK;1834;5;1832;30;;;1835;30;;;;;1834.5;0.0
1;700;KELP;2032;22;;;;;2035;23;;;;;2033.5;4.900390625
1;700;SQUID_INK;1834;22;;;;;1837;1;1838;22;;;1835.5;0.0
1;700;RAINFOREST_RESIN;9996;1;9995;22;;;10004;1;10005;22;;;10000.0;5.0
1;800;SQUID_INK;1836;25;;;;;1837;3;1839;25;;;1836.5;0.0
1;800;RAINFOREST_RESIN;9996;1;9995;24;;;10000;3;10004;1;10005;24;9998.0;5.0
1;800;KELP;2032;25;;;;;2033;3;2035;25;;;2032.5;4.5380859375
1;900;SQUID_INK;1840;21;;;;;1843;21;;;;;1841.5;0.0
1;900;KELP;2031;21;;;;;2035;21;;;;;2033.0;3.541015625
1;900;RAINFOREST_RESIN;9996;1;9995;20;;;9998;11;10004;1;10005;20;9997.0;8.0
1;1000;RAINFOREST_RESIN;9996;1;9995;30;;;10004;1;10005;30;;;10000.0;30.0
1;1000;KELP;2032;31;;;;;2035;31;;;;;2033.5;16.765625
1;1000;SQUID_INK;1841;31;;;;;1844;31;;;;;1842.5;0.0
1;1100;SQUID_INK;1840;22;;;;;1843;22;;;;;1841.5;0.0
1;1100;KELP;2032;22;;;;;2035;22;;;;;2033.5;16.865234375
1;1100;RAINFOREST_RESIN;9996;1;9995;21;;;10002;6;10004;1;10005;21;9999.0;30.0
1;1200;SQUID_INK;1839;22;;;;;1842;23;;;;;1840.5;0.0
1;1200;RAINFOREST_RESIN;9996;1;9995;22;;;10004;1;10005;22;;;10000.0;30.0
1;1200;KELP;2031;23;;;;;2032;1;2035;23;;;2031.5;17.42578125
1;1300;SQUID_INK;1840;25;;;;;1843;25;;;;;1841.5;0.0
1;1300;KELP;2031;25;;;;;2035;25;;;;;2033.0;18.29638671875
1;1300;RAINFOREST_RESIN;10002;1;9995;25;;;10005;25;;;;;10003.5;30.0
1;1400;RAINFOREST_RESIN;9995;23;;;;;10000;6;10005;23;;;9997.5;32.0
1;1400;KELP;2031;23;;;;;2033;6;2035;23;;;2032.0;18.33349609375
1;1400;SQUID_INK;1841;23;;;;;1842;6;1844;23;;;1841.5;0.0
1;1500;SQUID_INK;1844;1;1842;21;;;1845;21;;;;;1844.5;0.0
1;1500;KELP;2034;1;2032;1;2031;20;2035;21;;;;;2034.5;18.1337890625
1;1500;RAINFOREST_RESIN;9996;1;9995;20;;;9998;4;10004;1;10005;20;9997.0;32.0
1;1600;SQUID_INK;1844;2;1843;28;;;1847;30;;;;;1845.5;0.0
1;1600;RAINFOREST_RESIN;9996;2;9995;28;;;10004;2;10005;28;;;10000.0;40.0
1;1600;KELP;2032;30;;;;;2035;30;;;;;2033.5;18.4638671875
1;1700;SQUID_INK;1841;28;;;;;1843;8;1844;28;;;1842.0;0.0
1;1700;KELP;2032;28;;;;;2034;8;2035;28;;;2033.0;18.36328125
1;1700;RAINFOREST_RESIN;9995;28;;;;;10005;28;;;;;10000.0;40.0
1;1800;RAINFOREST_RESIN;10000;4;9995;23;;;10002;10;10005;23;;;10001.0;40.0
1;1800;KELP;2033;4;2032;23;;;2035;23;;;;;2034.0;18.87109375
1;1800;SQUID_INK;1843;4;1841;23;;;1845;23;;;;;1844.0;0.0
1;1900;KELP;2032;31;;;;;2035;32;;;;;2033.5;18.62109375
1;1900;SQUID_INK;1844;32;;;;;1845;1;1847;2;1848;30;1844.5;0.0
1;1900;RAINFOREST_RESIN;9996;2;9995;30;;;10004;2;10005;30;;;10000.0;40.0
1;2000;KELP;2032;23;;;;;2035;23;;;;;2033.5;18.5166015625
1;2000;SQUID_INK;1846;23;;;;;1849;23;;;;;1847.5;0.0
1;2000;RAINFOREST_RESIN;9996;2;9995;21;;;10004;2;10005;21;;;10000.0;40.0
1;2100;SQUID_INK;1845;28;;;;;1847;5;1848;2;1849;26;1846.0;0.0
1;2100;RAINFOREST_RESIN;9996;2;9995;26;;;10004;2;10005;26;;;10000.0;40.0
1;2100;KELP;2032;2;2031;26;;;2034;5;2035;28;;;2033.0;18.9736328125
1;2200;RAINFOREST_RESIN;9996;1;9995;20;;;9998;4;10004;1;10005;20;9997.0;40.0
1;2200;KELP;2032;25;;;;;2035;21;;;;;2033.5;18.8193359375
1;2200;SQUID_INK;1846;25;;;;;1849;21;;;;;1847.5;0.0
1;2300;KELP;2032;7;2031;22;;;2035;24;;;;;2033.5;18.91796875
1;2300;SQUID_INK;1848;7;1847;22;;;1851;24;;;;;1849.5;0.0
1;2300;RAINFOREST_RESIN;9996;2;9995;22;;;10004;2;10005;22;;;10000.0;48.0
1;2400;KELP;2031;22;;;;;2035;22;;;;;2033.0;19.423828125
1;2400;SQUID_INK;1846;22;;;;;1849;22;;;;;1847.5;0.0
1;2400;RAINFOREST_RESIN;9996;2;9995;20;;;10004;2;10005;20;;;10000.0;48.0
1;2500;SQUID_INK;1847;2;1846;21;;;1850;23;;;;;1848.5;0.0
1;2500;RAINFOREST_RESIN;9998;3;9996;2;9995;21;10004;2;10005;21;;;10001.0;48.0
1;2500;KELP;2032;2;2031;21;;;2035;23;;;;;2033.5;19.01953125
1;2600;RAINFOREST_RESIN;10002;1;9996;1;9995;29;10004;1;10005;29;;;10003.0;48.0
1;2600;KELP;2032;1;2031;29;;;2035;30;;;;;2033.5;19.373046875
1;2600;SQUID_INK;1849;30;;;;;1852;30;;;;;1850.5;0.0
1;2700;KELP;2032;9;2031;21;;;2035;23;;;;;2033.5;18.9599609375
1;2700;SQUID_INK;1848;30;;;;;1851;23;;;;;1849.5;0.0
1;2700;RAINFOREST_RESIN;9998;7;9996;2;9995;21;10004;2;10005;21;;;10001.0;50.0
1;2800;KELP;2031;27;;;;;2035;27;;;;;2033.0;19.416015625
1;2800;SQUID_INK;1849;27;;;;;1852;27;;;;;1850.5;0.0
1;2800;RAINFOREST_RESIN;9995;27;;;;;10005;27;;;;;10000.0;50.0
1;2900;SQUID_INK;1848;22;;;;;1851;22;;;;;1849.5;0.0
1;2900;RAINFOREST_RESIN;9996;2;9995;20;;;10004;2;10005;20;;;10000.0;50.0
1;2900;KELP;2031;22;;;;;2035;22;;;;;2033.0;19.466796875
1;3000;RAINFOREST_RESIN;9996;1;9995;29;;;10004;1;10005;29;;;10000.0;50.0
1;3000;KELP;2034;1;2032;6;2031;29;2035;30;;;;;2034.5;19.1630859375
1;3000;SQUID_INK;1850;1;1848;35;;;1851;30;;;;;1850.5;0.0
1;3100;KELP;2032;28;;;;;2035;28;;;;;2033.5;19.15234375
1;3100;SQUID_INK;1848;28;;;;;1851;28;;;;;1849.5;0.0
1;3100;RAINFOREST_RESIN;9998;5;9996;1;9995;27;10004;1;10005;27;;;10001.0;50.0
1;3200;KELP;2032;24;;;;;2033;5;2035;24;;;2032.5;19.1533203125
1;3200;SQUID_INK;1848;24;;;;;1849;5;1851;24;;;1848.5;0.0
1;3200;RAINFOREST_RESIN;10002;2;9995;24;;;10005;24;;;;;10003.5;50.0
1;3300;SQUID_INK;1849;25;;;;;1852;25;;;;;1850.5;0.0
1;3300;RAINFOREST_RESIN;10002;1;9996;1;9995;24;10004;1;10005;24;;;10003.0;54.0
1;3300;KELP;2032;25;;;;;2035;25;;;;;2033.5;20.6922607421875
1;3400;RAINFOREST_RESIN;9998;10;9996;2;9995;27;10004;2;10005;27;;;10001.0;56.0
1;3400;KELP;2032;29;;;;;2035;29;;;;;2033.5;20.276611328125
1;3400;SQUID_INK;1849;2;1848;27;;;1852;29;;;;;1850.5;0.0
1;3500;KELP;2032;26;;;;;2035;26;;;;;2033.5;20.3748779296875
1;3500;SQUID_INK;1850;26;;;;;1853;26;;;;;1851.5;0.0
1;3500;RAINFOREST_RESIN;9995;26;;;;;10002;10;10005;26;;;9998.5;56.0
1;3600;KELP;2032;27;;;;;2035;27;;;;;2033.5;20.4158935546875
1;3600;SQUID_INK;1850;27;;;;;1853;27;;;;;1851.5;0.0
1;3600;RAINFOREST_RESIN;9995;27;;;;;10002;8;10005;27;;;9998.5;56.0
1;3700;SQUID_INK;1851;25;;;;;1854;25;;;;;1852.5;0.0
1;3700;RAINFOREST_RESIN;9998;3;9995;25;;;10005;25;;;;;10001.5;56.0
1;3700;KELP;2032;25;;;;;2035;25;;;;;2033.5;20.344970703125
1;3800;RAINFOREST_RESIN;9995;24;;;;;10005;24;;;;;10000.0;56.0
1;3800;KELP;2032;24;;;;;2034;7;2035;24;;;2033.0;20.284423828125
1;3800;SQUID_INK;1853;24;;;;;1854;7;1856;24;;;1853.5;0.0
1;3900;KELP;2032;27;;;;;2035;26;;;;;2033.5;20.3348388671875
1;3900;SQUID_INK;1852;27;;;;;1855;26;;;;;1853.5;0.0
1;3900;RAINFOREST_RESIN;9996;2;9995;24;;;10004;2;10005;24;;;10000.0;56.0
1;4000;KELP;2032;30;;;;;2035;31;;;;;2033.5;20.26416015625
1;4000;SQUID_INK;1854;30;;;;;1857;31;;;;;1855.5;0.0
1;4000;RAINFOREST_RESIN;10002;1;9996;1;9995;30;10004;1;10005;30;;;10003.0;56.0
1;4100;RAINFOREST_RESIN;10000;5;9996;2;9995;22;10002;4;10004;2;10005;22;10001.0;58.0
1;4100;SQUID_INK;1855;5;1854;2;1853;22;1857;24;;;;;1856.0;0.0
1;4100;KELP;2033;5;2032;24;;;2035;24;;;;;2034.0;20.4256591796875
1;4200;RAINFOREST_RESIN;10002;5;9996;1;9995;28;10004;1;10005;28;;;10003.0;58.0
1;4200;KELP;2032;29;;;;;2034;7;2035;29;;;2033.0;20.517578125
1;4200;SQUID_INK;1854;29;;;;;1856;7;1857;29;;;1855.0;0.0
1;4300;KELP;2032;24;;;;;2035;26;;;;;2033.5;20.4874267578125
1;4300;RAINFOREST_RESIN;9995;26;;;;;10002;8;10005;26;;;9998.5;68.0
1;4300;SQUID_INK;1854;24;;;;;1857;26;;;;;1855.5;0.0
1;4400;KELP;2032;28;;;;;2035;28;;;;;2033.5;20.4571533203125
1;4400;SQUID_INK;1853;28;;;;;1856;28;;;;;1854.5;0.0
1;4400;RAINFOREST_RESIN;9995;28;;;;;10005;28;;;;;10000.0;68.0
1;4500;RAINFOREST_RESIN;9995;26;;;;;10005;26;;;;;10000.0;68.0
1;4500;SQUID_INK;1853;26;;;;;1854;8;1856;26;;;1853.5;0.0
1;4500;KELP;2032;26;;;;;2034;8;2035;26;;;2033.0;20.467041015625
1;4600;RAINFOREST_RESIN;9995;21;;;;;10005;21;;;;;10000.0;68.0
1;4600;KELP;2032;21;;;;;2034;3;2035;21;;;2033.0;20.4454345703125
1;4600;SQUID_INK;1857;21;;;;;1858;3;1860;21;;;1857.5;0.0
1;4700;KELP;2032;26;;;;;2035;26;;;;;2033.5;20.404541015625
1;4700;RAINFOREST_RESIN;9998;5;9995;26;;;10005;26;;;;;10001.5;68.0
1;4700;SQUID_INK;1855;26;;;;;1858;26;;;;;1856.5;0.0
1;4800;KELP;2034;1;2032;30;;;2035;23;;;;;2034.5;20.4146728515625
1;4800;SQUID_INK;1861;1;1860;7;1859;23;1863;23;;;;;1862.0;0.0
1;4800;RAINFOREST_RESIN;9996;1;9995;22;;;10004;1;10005;22;;;10000.0;68.0
1;4900;RAINFOREST_RESIN;9996;2;9995;22;;;10004;2;10005;22;;;10000.0;68.0
1;4900;SQUID_INK;1857;24;;;;;1859;6;1860;2;1861;22;1858.0;0.0
1;4900;KELP;2032;24;;;;;2034;6;2035;24;;;2033.0;20.768798828125
1;5000;RAINFOREST_RESIN;9998;9;9996;1;9995;30;10004;1;10005;30;;;10001.0;68.0
1;5000;KELP;2032;36;;;;;2035;31;;;;;2033.5;20.76953125
1;5000;SQUID_INK;1860;6;1859;30;;;1863;31;;;;;1861.5;0.0
1;5100;KELP;2032;26;;;;;2035;26;;;;;2033.5;20.77001953125
1;5100;RAINFOREST_RESIN;9995;26;;;;;10005;26;;;;;10000.0;68.0
1;5100;SQUID_INK;1859;26;;;;;1862;26;;;;;1860.5;0.0
1;5200;SQUID_INK;1859;11;1858;25;;;1861;25;;;;;1860.0;0.0
1;5200;KELP;2033;5;2032;31;;;2035;25;;;;;2034.0;20.77001953125
1;5200;RAINFOREST_RESIN;10000;5;9998;7;9996;2;10004;2;10005;23;;;10002.0;68.0
1;5300;RAINFOREST_RESIN;9995;22;;;;;9998;12;10005;22;;;9996.5;68.0
1;5300;SQUID_INK;1857;22;;;;;1860;22;;;;;1858.5;0.0
1;5300;KELP;2032;22;;;;;2035;22;;;;;2033.5;23.2509765625
1;5400;RAINFOREST_RESIN;9995;30;;;;;10005;30;;;;;10000.0;92.0
1;5400;SQUID_INK;1857;30;;;;;1860;30;;;;;1858.5;0.0
1;5400;KELP;2032;30;;;;;2035;30;;;;;2033.5;23.332763671875
1;5500;KELP;2032;21;;;;;2035;29;;;;;2033.5;23.573974609375
1;5500;RAINFOREST_RESIN;9996;1;9995;28;;;10004;1;10005;28;;;10000.0;96.0
1;5500;SQUID_INK;1858;29;;;;;1859;8;1862;29;;;1858.5;0.0
1;5600;SQUID_INK;1859;25;;;;;1862;25;;;;;1860.5;0.0
1;5600;KELP;2032;25;;;;;2035;25;;;;;2033.5;23.6046142578125
1;5600;RAINFOREST_RESIN;9998;2;9996;2;9995;23;10004;2;10005;23;;;10001.0;102.0
1;5700;RAINFOREST_RESIN;9996;1;9995;30;;;10004;1;10005;30;;;10000.0;102.0
1;5700;SQUID_INK;1859;4;1858;30;;;1862;31;;;;;1860.5;0.0
1;5700;KELP;2032;34;;;;;2035;31;;;;;2033.5;23.675048828125
1;5800;RAINFOREST_RESIN;9996;2;9995;28;;;10004;2;10005;28;;;10000.0;102.0
1;5800;SQUID_INK;1858;30;;;;;1861;30;;;;;1859.5;0.0
1;5800;KELP;2032;30;;;;;2035;30;;;;;2033.5;23.64404296875
1;5900;KELP;2032;23;;;;;2035;23;;;;;2033.5;23.664794921875
1;5900;RAINFOREST_RESIN;9996;2;9995;21;;;10004;2;10005;21;;;10000.0;102.0
1;5900;SQUID_INK;1857;23;;;;;1860;23;;;;;1858.5;0.0
1;6000;SQUID_INK;1859;30;;;;;1862;30;;;;;1860.5;0.0
1;6000;KELP;2032;30;;;;;2035;30;;;;;2033.5;23.725341796875
1;6000;RAINFOREST_RESIN;9995;30;;;;;10002;10;10005;30;;;9998.5;102.0
1;6100;RAINFOREST_RESIN;9996;1;9995;24;;;10004;1;10005;24;;;10000.0;102.0
1;6100;SQUID_INK;1859;25;;;;;1862;25;;;;;1860.5;0.0
1;6100;KELP;2032;25;;;;;2035;25;;;;;2033.5;23.5020751953125
1;6200;RAINFOREST_RESIN;9998;3;9996;1;9995;29;10004;1;10005;29;;;10001.0;102.0
1;6200;SQUID_INK;1861;1;1859;30;;;1862;30;;;;;1861.5;0.0
1;6200;KELP;2034;1;2032;30;;;2035;30;;;;;2034.5;23.6240234375
1;6300;KELP;2032;22;;;;;2035;22;;;;;2033.5;24.0
1;6300;RAINFOREST_RESIN;9995;22;;;;;10005;22;;;;;10000.0;102.0
1;6300;SQUID_INK;1859;22;;;;;1862;22;;;;;1860.5;0.0
1;6400;SQUID_INK;1858;24;;;;;1862;24;;;;;1860.0;0.0
1;6400;KELP;2032;24;;;;;2035;24;;;;;2033.5;27.919921875
1;6400;RAINFOREST_RESIN;9996;1;9995;23;;;10002;6;10004;1;10005;23;9999.0;102.0
1;6500;RAINFOREST_RESIN;9995;22;;;;;10005;22;;;;;10000.0;102.0
1;6500;SQUID_INK;1859;22;;;;;1862;22;;;;;1860.5;0.0
1;6500;KELP;2032;22;;;;;2035;22;;;;;2033.5;27.919921875
1;6600;RAINFOREST_RESIN;9996;2;9995;27;;;10004;2;10005;27;;;10000.0;102.0
1;6600;SQUID_INK;1860;22;;;;;1863;29;;;;;1861.5;0.0
1;6600;KELP;2032;22;;;;;2035;29;;;;;2033.5;26.697265625
1;6700;KELP;2032;31;;;;;2034;7;2035;1;2036;30;2033.0;26.2265625
1;6700;RAINFOREST_RESIN;9996;1;9995;30;;;10004;1;10005;30;;;10000.0;102.0
1;6700;SQUID_INK;1859;31;;;;;1861;7;1862;31;;;1860.0;0.0
1;6800;SQUID_INK;1860;4;1859;31;;;1862;2;1863;29;;;1861.0;0.0
1;6800;KELP;2033;4;2032;31;;;2035;31;;;;;2034.0;27.12109375
1;6800;RAINFOREST_RESIN;10000;5;9996;2;9995;29;10004;2;10005;29;;;10002.0;105.0
1;6900;RAINFOREST_RESIN;9996;2;9995;27;;;10004;2;10005;27;;;10000.0;105.0
1;6900;SQUID_INK;1860;29;;;;;1862;3;1863;29;;;1861.0;0.0
1;6900;KELP;2032;29;;;;;2034;3;2035;29;;;2033.0;27.02734375
1;7000;RAINFOREST_RESIN;9996;1;9995;30;;;10004;1;10005;30;;;10000.0;105.0
1;7000;SQUID_INK;1860;7;1859;31;;;1863;31;;;;;1861.5;0.0
1;7000;KELP;2032;38;;;;;2035;31;;;;;2033.5;27.033203125
1;7100;KELP;2032;31;;;;;2035;31;;;;;2033.5;26.720703125
1;7100;RAINFOREST_RESIN;9996;1;9995;30;;;9998;5;10002;7;10004;1;9997.0;105.0
1;7100;SQUID_INK;1860;31;;;;;1863;31;;;;;1861.5;0.0
1;7200;SQUID_INK;1859;29;;;;;1862;23;;;;;1860.5;0.0
1;7200;KELP;2032;29;;;;;2035;23;;;;;2033.5;27.0625
1;7200;RAINFOREST_RESIN;9996;1;9995;22;;;10002;1;10004;1;10005;22;9999.0;115.0
1;7300;RAINFOREST_RESIN;9996;1;9995;25;;;10004;1;10005;25;;;10000.0;136.0
1;7300;SQUID_INK;1858;26;;;;;1861;26;;;;;1859.5;0.0
1;7300;KELP;2032;26;;;;;2035;26;;;;;2033.5;26.51171875
1;7400;RAINFOREST_RESIN;10002;1;9995;22;;;10005;22;;;;;10003.5;136.0
1;7400;SQUID_INK;1859;22;;;;;1862;22;;;;;1860.5;0.0
1;7400;KELP;2032;22;;;;;2035;22;;;;;2033.5;26.9609375
1;7500;KELP;2032;29;;;;;2034;3;2035;29;;;2033.0;32.1484375
1;7500;RAINFOREST_RESIN;9995;29;;;;;10005;29;;;;;10000.0;138.0
1;7500;SQUID_INK;1858;29;;;;;1860;3;1862;29;;;1859.0;0.0
1;7600;SQUID_INK;1859;27;;;;;1862;27;;;;;1860.5;0.0
1;7600;KELP;2032;27;;;;;2035;27;;;;;2033.5;30.9375
1;7600;RAINFOREST_RESIN;10002;1;9995;27;;;10005;27;;;;;10003.5;138.0
1;7700;RAINFOREST_RESIN;9996;1;9995;25;;;10002;5;10004;1;10005;25;9999.0;140.0
1;7700;SQUID_INK;1858;26;;;;;1861;1;1862;25;;;1859.5;0.0
1;7700;KELP;2032;26;;;;;2035;26;;;;;2033.5;30.9453125
1;7800;RAINFOREST_RESIN;9995;23;;;;;10005;23;;;;;10000.0;140.0
1;7800;SQUID_INK;1859;1;1858;23;;;1861;23;;;;;1860.0;0.0
1;7800;KELP;2032;24;;;;;2035;23;;;;;2033.5;30.48046875
1;7900;KELP;2032;24;;;;;2035;24;;;;;2033.5;31.4453125
1;7900;RAINFOREST_RESIN;9996;2;9995;22;;;10002;7;10004;2;10005;22;9999.0;140.0
1;7900;SQUID_INK;1858;2;1857;22;;;1861;24;;;;;1859.5;0.0
1;8000;SQUID_INK;1858;1;1857;3;1856;30;1859;30;;;;;1858.5;0.0
1;8000;KELP;2034;1;2033;3;2032;30;2035;30;;;;;2034.5;30.3828125
1;8000;RAINFOREST_RESIN;10000;3;9996;2;9995;28;10004;2;10005;28;;;10002.0;140.0
1;8100;SQUID_INK;1858;25;;;;;1861;25;;;;;1859.5;0.0
1;8100;KELP;2032;25;;;;;2035;25;;;;;2033.5;34.48828125
1;8100;RAINFOREST_RESIN;9995;25;;;;;10005;25;;;;;10000.0;140.0
1;8200;SQUID_INK;1857;27;;;;;1860;27;;;;;1858.5;0.0
1;8200;RAINFOREST_RESIN;9996;2;9995;25;;;10004;2;10005;25;;;10000.0;140.0
1;8200;KELP;2032;27;;;;;2035;27;;;;;2033.5;34.73046875
1;8300;KELP;2032;28;;;;;2035;28;;;;;2033.5;33.35546875
1;8300;RAINFOREST_RESIN;9998;9;9995;28;;;10005;28;;;;;10001.5;143.0
1;8300;SQUID_INK;1857;28;;;;;1860;28;;;;;1858.5;0.0
1;8400;SQUID_INK;1857;29;;;;;1860;29;;;;;1858.5;0.0
1;8400;RAINFOREST_RESIN;9998;5;9995;29;;;10005;29;;;;;10001.5;143.0
1;8400;KELP;2032;29;;;;;2035;29;;;;;2033.5;30.94140625
1;8500;SQUID_INK;1858;35;;;;;1861;27;;;;;1859.5;0.0
1;8500;KELP;2032;35;;;;;2035;27;;;;;2033.5;30.47265625
1;8500;RAINFOREST_RESIN;9996;2;9995;25;;;10004;2;10005;25;;;10000.0;143.0
1;8600;SQUID_INK;1857;29;;;;;1860;29;;;;;1858.5;0.0
1;8600;RAINFOREST_RESIN;9996;2;9995;27;;;10004;2;10005;27;;;10000.0;143.0
1;8600;KELP;2032;29;;;;;2035;29;;;;;2033.5;30.7109375
1;8700;KELP;2034;1;2032;32;;;2035;24;;;;;2034.5;30.7109375
1;8700;SQUID_INK;1858;1;1857;8;1856;24;1859;2;1860;22;;;1858.5;0.0
1;8700;RAINFOREST_RESIN;9996;2;9995;22;;;10004;2;10005;22;;;10000.0;143.0
1;8800;RAINFOREST_RESIN;9996;1;9995;30;;;10004;1;10005;30;;;10000.0;143.0
1;8800;KELP;2032;31;;;;;2035;1;2036;30;;;2033.5;29.41796875
1;8800;SQUID_INK;1857;31;;;;;1860;31;;;;;1858.5;0.0
1;8900;KELP;2032;28;;;;;2036;26;;;;;2034.0;29.67578125
1;8900;SQUID_INK;1856;28;;;;;1859;26;;;;;1857.5;0.0
1;8900;RAINFOREST_RESIN;9995;26;;;;;10005;26;;;;;10000.0;143.0
1;9000;SQUID_INK;1856;23;;;;;1859;23;;;;;1857.5;0.0
1;9000;RAINFOREST_RESIN;9995;23;;;;;10005;23;;;;;10000.0;143.0
1;9000;KELP;2032;23;;;;;2036;23;;;;;2034.0;29.15625
1;9100;KELP;2033;5;2032;22;;;2036;22;;;;;2034.5;27.69140625
1;9100;SQUID_INK;1855;27;;;;;1858;22;;;;;1856.5;0.0
1;9100;RAINFOREST_RESIN;9995;22;;;;;9998;1;10005;22;;;9996.5;143.0
1;9200;RAINFOREST_RESIN;9996;2;9995;25;;;10004;2;10005;25;;;10000.0;189.0
1;9200;KELP;2033;3;2032;27;;;2036;27;;;;;2034.5;27.88671875
1;9200;SQUID_INK;1855;30;;;;;1858;27;;;;;1856.5;0.0
1;9300;KELP;2032;30;;;;;2036;30;;;;;2034.0;25.625
1;9300;SQUID_INK;1854;30;;;;;1857;30;;;;;1855.5;0.0
1;9300;RAINFOREST_RESIN;10002;11;9998;1;9996;1;10004;1;10005;29;;;10003.0;189.0
1;9400;SQUID_INK;1855;33;;;;;1858;30;;;;;1856.5;0.0
1;9400;RAINFOREST_RESIN;10002;1;9996;2;9995;28;10004;2;10005;28;;;10003.0;211.0
1;9400;KELP;2033;3;2032;30;;;2036;30;;;;;2034.5;25.3828125
1;9500;KELP;2032;26;;;;;2036;26;;;;;2034.0;25.18359375
1;9500;SQUID_INK;1853;26;;;;;1856;26;;;;;1854.5;0.0
1;9500;RAINFOREST_RESIN;10002;1;9996;2;9995;24;10004;2;10005;24;;;10003.0;213.0
1;9600;RAINFOREST_RESIN;9996;1;9995;20;;;10002;6;10004;1;10005;20;9999.0;215.0
1;9600;KELP;2032;21;;;;;2036;21;;;;;2034.0;26.4375
1;9600;SQUID_INK;1855;21;;;;;1858;21;;;;;1856.5;0.0
1;9700;SQUID_INK;1855;31;;;;;1856;5;1857;5;1858;31;1855.5;0.0
1;9700;KELP;2032;31;;;;;2034;10;2036;31;;;2033.0;23.9375
1;9700;RAINFOREST_RESIN;9996;1;9995;30;;;10000;4;10004;1;10005;30;9998.0;215.0
1;9800;SQUID_INK;1855;26;;;;;1858;26;;;;;1856.5;0.0
1;9800;RAINFOREST_RESIN;9998;1;9996;2;9995;24;10004;2;10005;24;;;10001.0;215.0
1;9800;KELP;2032;26;;;;;2036;26;;;;;2034.0;24.72265625
1;9900;SQUID_INK;1858;24;;;;;1861;24;;;;;1859.5;0.0
1;9900;KELP;2032;24;;;;;2036;24;;;;;2034.0;23.41796875
1;9900;RAINFOREST_RESIN;9995;24;;;;;10005;24;;;;;10000.0;215.0
1;10000;RAINFOREST_RESIN;9995;27;;;;;10005;27;;;;;10000.0;215.0
1;10000;KELP;2032;27;;;;;2036;27;;;;;2034.0;19.8359375
1;10000;SQUID_INK;1856;27;;;;;1859;27;;;;;1857.5;0.0
1;10100;SQUID_INK;1857;21;;;;;1859;5;1860;21;;;1858.0;0.0
1;10100;KELP;2033;21;;;;;2035;5;2036;21;;;2034.0;18.0
1;10100;RAINFOREST_RESIN;10002;4;9996;1;9995;20;10004;1;10005;20;;;10003.0;215.0
1;10200;SQUID_INK;1857;20;;;;;1860;20;;;;;1858.5;0.0
1;10200;RAINFOREST_RESIN;9995;20;;;;;10005;20;;;;;10000.0;223.0
1;10200;KELP;2033;20;;;;;2036;20;;;;;2034.5;19.42578125
1;10300;SQUID_INK;1858;30;;;;;1861;25;;;;;1859.5;0.0
1;10300;KELP;2033;30;;;;;2036;25;;;;;2034.5;18.4296875
1;10300;RAINFOREST_RESIN;9996;1;9995;24;;;10004;1;10005;24;;;10000.0;223.0
1;10400;RAINFOREST_RESIN;9995;25;;;;;10005;25;;;;;10000.0;226.0
1;10400;KELP;2033;25;;;;;2036;25;;;;;2034.5;17.046875
1;10400;SQUID_INK;1856;25;;;;;1859;25;;;;;1857.5;0.0
1;10500;SQUID_INK;1856;34;;;;;1859;26;;;;;1857.5;0.0
1;10500;KELP;2033;34;;;;;2036;26;;;;;2034.5;17.5546875
1;10500;RAINFOREST_RESIN;9995;26;;;;;10005;26;;;;;10000.0;226.0
1;10600;SQUID_INK;1858;3;1856;20;;;1859;20;;;;;1858.5;0.0
1;10600;RAINFOREST_RESIN;9995;20;;;;;10005;20;;;;;10000.0;226.0
1;10600;KELP;2035;3;2033;20;;;2036;20;;;;;2035.5;17.28125
1;10700;SQUID_INK;1857;31;;;;;1860;24;;;;;1858.5;0.0
1;10700;KELP;2033;31;;;;;2036;24;;;;;2034.5;18.09375
1;10700;RAINFOREST_RESIN;9995;24;;;;;9998;3;10005;24;;;9996.5;226.0
1;10800;RAINFOREST_RESIN;9995;23;;;;;10002;1;10005;23;;;9998.5;232.0
1;10800;KELP;2033;29;;;;;2036;23;;;;;2034.5;19.23828125
1;10800;SQUID_INK;1857;6;1856;23;;;1859;23;;;;;1858.0;0.0
1;10900;KELP;2033;23;;;;;2034;6;2036;23;;;2033.5;23.46875
1;10900;SQUID_INK;1860;1;1859;22;;;1861;6;1863;23;;;1860.5;0.0
1;10900;RAINFOREST_RESIN;9996;1;9995;22;;;10000;6;10004;1;10005;22;9998.0;232.0
1;11000;KELP;2033;27;;;;;2035;2;2036;27;;;2034.0;25.751953125
1;11000;SQUID_INK;1864;1;1863;26;;;1865;2;1867;27;;;1864.5;0.0
1;11000;RAINFOREST_RESIN;9996;1;9995;26;;;10004;1;10005;26;;;10000.0;232.0
1;11100;SQUID_INK;1864;32;;;;;1867;31;;;;;1865.5;0.0
1;11100;RAINFOREST_RESIN;9996;1;9995;30;;;10002;1;10004;1;10005;30;9999.0;232.0
1;11100;KELP;2033;2;2032;30;;;2036;31;;;;;2034.5;26.74609375
1;11200;RAINFOREST_RESIN;9996;2;9995;28;;;10004;2;10005;28;;;10000.0;232.0
1;11200;KELP;2032;30;;;;;2034;5;2036;30;;;2033.0;27.73828125
1;11200;SQUID_INK;1863;30;;;;;1865;5;1866;30;;;1864.0;0.0
1;11300;KELP;2033;2;2032;25;;;2036;27;;;;;2034.5;27.515625
1;11300;SQUID_INK;1862;27;;;;;1865;27;;;;;1863.5;0.0
1;11300;RAINFOREST_RESIN;9996;2;9995;25;;;10002;2;10004;2;10005;25;9999.0;232.0
1;11400;KELP;2032;30;;;;;2036;30;;;;;2034.0;26.630859375
1;11400;SQUID_INK;1858;30;;;;;1861;30;;;;;1859.5;0.0
1;11400;RAINFOREST_RESIN;9995;30;;;;;10005;30;;;;;10000.0;232.0
1;11500;SQUID_INK;1856;29;;;;;1858;5;1860;29;;;1857.0;0.0
1;11500;RAINFOREST_RESIN;9996;1;9995;28;;;10004;1;10005;28;;;10000.0;232.0
1;11500;KELP;2033;29;;;;;2035;5;2036;29;;;2034.0;26.41796875
1;11600;RAINFOREST_RESIN;9996;2;9995;22;;;10004;2;10005;22;;;10000.0;232.0
1;11600;KELP;2033;2;2032;22;;;2035;7;2036;24;;;2034.0;26.865234375
1;11600;SQUID_INK;1858;24;;;;;1860;7;1861;24;;;1859.0;0.0
1;11700;KELP;2034;4;2033;2;2032;20;2036;22;;;;;2035.0;26.978515625
1;11700;SQUID_INK;1858;4;1857;22;;;1860;22;;;;;1859.0;0.0
1;11700;RAINFOREST_RESIN;10000;4;9996;2;9995;20;10004;2;10005;20;;;10002.0;232.0
1;11800;KELP;2033;1;2032;21;;;2036;22;;;;;2034.5;27.427734375
1;11800;SQUID_INK;1857;22;;;;;1860;22;;;;;1858.5;0.0
1;11800;RAINFOREST_RESIN;9998;10;9996;1;9995;21;10004;1;10005;21;;;10001.0;232.0
1;11900;SQUID_INK;1857;4;1856;23;;;1859;23;;;;;1858.0;0.0
1;11900;RAINFOREST_RESIN;10002;1;10000;4;9998;1;10004;1;10005;22;;;10003.0;232.0
1;11900;KELP;2034;4;2032;23;;;2036;23;;;;;2035.0;28.19921875
1;12000;RAINFOREST_RESIN;9996;1;9995;27;;;10004;1;10005;27;;;10000.0;234.0
1;12000;KELP;2033;1;2032;27;;;2036;28;;;;;2034.5;27.201171875
1;12000;SQUID_INK;1855;28;;;;;1858;28;;;;;1856.5;0.0
1;12100;KELP;2032;25;;;;;2036;25;;;;;2034.0;27.86328125
1;12100;SQUID_INK;1853;25;;;;;1856;25;;;;;1854.5;0.0
1;12100;RAINFOREST_RESIN;9996;2;9995;23;;;9998;8;10004;2;10005;23;9997.0;234.0
1;12200;KELP;2032;25;;;;;2036;25;;;;;2034.0;28.748046875
1;12200;SQUID_INK;1855;25;;;;;1859;25;;;;;1857.0;0.0
1;12200;RAINFOREST_RESIN;9996;2;9995;23;;;10004;2;10005;23;;;10000.0;250.0
1;12300;SQUID_INK;1856;29;;;;;1859;25;;;;;1857.5;0.0
1;12300;RAINFOREST_RESIN;9996;1;9995;24;;;10002;3;10004;1;10005;24;9999.0;250.0
1;12300;KELP;2032;29;;;;;2035;25;;;;;2033.5;31.4296875
1;12400;RAINFOREST_RESIN;10002;1;9998;5;9995;29;10005;29;;;;;10003.5;250.0
1;12400;KELP;2032;29;;;;;2036;29;;;;;2034.0;29.279296875
1;12400;SQUID_INK;1857;29;;;;;1860;29;;;;;1858.5;0.0
1;12500;KELP;2033;3;2032;23;;;2035;1;2036;22;;;2034.0;31.046875
1;12500;SQUID_INK;1858;3;1857;23;;;1860;23;;;;;1859.0;0.0
1;12500;RAINFOREST_RESIN;10000;3;9996;1;9995;22;10004;1;10005;22;;;10002.0;252.0
1;12600;KELP;2033;4;2032;26;;;2036;26;;;;;2034.5;29.603515625
1;12600;SQUID_INK;1859;4;1858;26;;;1861;26;;;;;1860.0;0.0
1;12600;RAINFOREST_RESIN;10000;4;9995;26;;;10005;26;;;;;10002.5;252.0
1;12700;SQUID_INK;1856;28;;;;;1859;28;;;;;1857.5;0.0
1;12700;RAINFOREST_RESIN;10002;1;9996;1;9995;27;10004;1;10005;27;;;10003.0;252.0
1;12700;KELP;2032;28;;;;;2035;28;;;;;2033.5;31.48046875
1;12800;RAINFOREST_RESIN;10000;4;9996;2;9995;28;10002;9;10004;2;10005;28;10001.0;254.0
1;12800;KELP;2033;4;2032;30;;;2035;2;2036;28;;;2034.0;31.265625
1;12800;SQUID_INK;1854;4;1853;30;;;1856;30;;;;;1855.0;0.0
1;12900;KELP;2032;23;;;;;2034;2;2035;2;2036;21;2033.0;31.375
1;12900;SQUID_INK;1853;23;;;;;1855;2;1856;23;;;1854.0;0.0
1;12900;RAINFOREST_RESIN;9996;2;9995;21;;;10002;4;10004;2;10005;21;9999.0;254.0
1;13000;KELP;2032;32;;;;;2035;32;;;;;2033.5;31.484375
1;13000;SQUID_INK;1851;32;;;;;1854;2;1855;30;;;1852.5;0.0
1;13000;RAINFOREST_RESIN;9996;2;9995;30;;;10002;2;10004;2;10005;30;9999.0;254.0
1;13100;RAINFOREST_RESIN;9995;21;;;;;10000;2;10005;21;;;9997.5;254.0
1;13100;SQUID_INK;1851;21;;;;;1852;2;1854;21;;;1851.5;0.0
1;13100;KELP;2032;21;;;;;2033;2;2036;21;;;2032.5;31.384765625
1;13200;RAINFOREST_RESIN;9998;9;9996;2;9995;29;10004;2;10005;29;;;10001.0;254.0
1;13200;KELP;2034;1;2032;38;;;2035;2;2036;29;;;2034.5;32.951171875
1;13200;SQUID_INK;1852;1;1850;38;;;1853;31;;;;;1852.5;0.0
1;13300;KELP;2032;23;;;;;2035;1;2036;22;;;2033.5;32.490234375
1;13300;RAINFOREST_RESIN;10002;2;9996;1;9995;22;10004;1;10005;22;;;10003.0;254.0
1;13300;SQUID_INK;1851;23;;;;;1854;23;;;;;1852.5;0.0
1;13400;KELP;2032;26;;;;;2035;26;;;;;2033.5;33.134765625
1;13400;SQUID_INK;1852;26;;;;;1855;26;;;;;1853.5;0.0
1;13400;RAINFOREST_RESIN;9995;26;;;;;10005;26;;;;;10000.0;258.0
1;13500;RAINFOREST_RESIN;9996;1;9995;24;;;10004;1;10005;24;;;10000.0;258.0
1;13500;SQUID_INK;1853;25;;;;;1856;25;;;;;1854.5;0.0
1;13500;KELP;2032;25;;;;;2035;25;;;;;2033.5;33.31640625
1;13600;RAINFOREST_RESIN;9996;2;9995;24;;;10002;6;10004;2;10005;24;9999.0;258.0
1;13600;KELP;2032;26;;;;;2034;3;2035;26;;;2033.0;33.40625
1;13600;SQUID_INK;1849;26;;;;;1851;3;1852;26;;;1850.0;0.0
1;13700;KELP;2032;28;;;;;2035;28;;;;;2033.5;33.501953125
1;13700;RAINFOREST_RESIN;10002;1;9995;28;;;10005;28;;;;;10003.5;258.0
1;13700;SQUID_INK;1847;28;;;;;1850;28;;;;;1848.5;0.0
1;13800;KELP;2032;23;;;;;2035;23;;;;;2033.5;33.6015625
1;13800;SQUID_INK;1846;23;;;;;1850;23;;;;;1848.0;0.0
1;13800;RAINFOREST_RESIN;9998;1;9995;23;;;10005;23;;;;;10001.5;260.0
1;13900;RAINFOREST_RESIN;9996;1;9995;20;;;10004;1;10005;20;;;10000.0;260.0
1;13900;SQUID_INK;1849;18;;;;;1852;21;;;;;1850.5;0.0
1;13900;KELP;2032;21;;;;;2033;3;2035;21;;;2032.5;33.96875
1;14000;RAINFOREST_RESIN;10002;6;9998;1;9996;1;10004;1;10005;28;;;10003.0;260.0
1;14000;KELP;2032;31;;;;;2035;29;;;;;2033.5;35.6728515625
1;14000;SQUID_INK;1852;3;1851;28;;;1855;29;;;;;1853.5;0.0
1;14100;KELP;2032;22;;;;;2035;22;;;;;2033.5;36.55078125
1;14100;RAINFOREST_RESIN;9996;2;9995;20;;;10002;4;10004;2;10005;20;9999.0;273.0
1;14100;SQUID_INK;1851;22;;;;;1854;22;;;;;1852.5;0.0
1;14200;SQUID_INK;1852;21;;;;;1855;21;;;;;1853.5;0.0
1;14200;KELP;2032;21;;;;;2035;21;;;;;2033.5;47.1015625
1;14200;RAINFOREST_RESIN;9995;21;;;;;10005;21;;;;;10000.0;273.0
1;14300;RAINFOREST_RESIN;9996;1;9995;21;;;10004;1;10005;21;;;10000.0;273.0
1;14300;SQUID_INK;1849;22;;;;;1852;22;;;;;1850.5;0.0
1;14300;KELP;2032;22;;;;;2035;1;2036;21;;;2033.5;48.216796875
1;14400;RAINFOREST_RESIN;10002;4;9996;2;9995;21;10004;2;10005;21;;;10003.0;273.0
1;14400;SQUID_INK;1853;22;;;;;1856;23;;;;;1854.5;0.0
1;14400;KELP;2032;22;;;;;2036;23;;;;;2034.0;48.8359375
1;14500;KELP;2032;29;;;;;2034;6;2035;1;2036;28;2033.0;49.755859375
1;14500;RAINFOREST_RESIN;9996;1;9995;28;;;10002;10;10004;1;10005;28;9999.0;287.0
1;14500;SQUID_INK;1852;1;1851;28;;;1853;6;1855;29;;;1852.5;0.0
1;14600;SQUID_INK;1848;28;;;;;1849;3;1851;28;;;1848.5;0.0
1;14600;KELP;2032;28;;;;;2033;3;2035;1;2036;27;2032.5;50.234375
1;14600;RAINFOREST_RESIN;9996;1;9995;27;;;10004;1;10005;27;;;10000.0;287.0
1;14700;RAINFOREST_RESIN;9996;1;9995;23;;;10004;1;10005;23;;;10000.0;287.0
1;14700;SQUID_INK;1850;24;;;;;1852;2;1853;24;;;1851.0;0.0
1;14700;KELP;2032;24;;;;;2034;2;2035;1;2036;23;2033.0;53.1015625
1;14800;RAINFOREST_RESIN;9996;1;9995;30;;;9998;1;10004;1;10005;30;9997.0;287.0
1;14800;SQUID_INK;1849;31;;;;;1851;3;1852;1;1853;30;1850.0;0.0
1;14800;KELP;2032;31;;;;;2034;3;2036;31;;;2033.0;53.25
1;14900;KELP;2034;4;2032;26;;;2035;1;2036;25;;;2034.5;52.0234375
1;14900;RAINFOREST_RESIN;9996;1;9995;25;;;10002;1;10004;1;10005;25;9999.0;289.0
1;14900;SQUID_INK;1853;4;1851;26;;;1854;26;;;;;1853.5;0.0
1;15000;SQUID_INK;1849;6;1848;25;;;1852;27;;;;;1850.5;0.0
1;15000;KELP;2033;4;2032;27;;;2035;2;2036;25;;;2034.0;53.087890625
1;15000;RAINFOREST_RESIN;9996;2;9995;25;;;10004;2;10005;25;;;10000.0;289.0
1;15100;RAINFOREST_RESIN;9996;1;9995;20;;;9998;1;10004;1;10005;20;9997.0;289.0
1;15100;SQUID_INK;1850;21;;;;;1853;21;;;;;1851.5;0.0
1;15100;KELP;2032;21;;;;;2035;1;2036;20;;;2033.5;52.78125
1;15200;RAINFOREST_RESIN;10000;4;9996;2;9995;21;10002;4;10004;2;10005;21;10001.0;291.0
1;15200;SQUID_INK;1849;4;1848;27;;;1851;23;;;;;1850.0;0.0
1;15200;KELP;2033;8;2032;23;;;2035;2;2036;21;;;2034.0;52.921875
1;15300;KELP;2032;24;;;;;2034;6;2035;2;2036;22;2033.0;53.07421875
1;15300;RAINFOREST_RESIN;9996;2;9995;22;;;10002;7;10004;2;10005;22;9999.0;291.0
1;15300;SQUID_INK;1850;24;;;;;1852;6;1853;24;;;1851.0;0.0
1;15400;SQUID_INK;1847;30;;;;;1850;30;;;;;1848.5;0.0
1;15400;KELP;2032;30;;;;;2036;30;;;;;2034.0;52.154296875
1;15400;RAINFOREST_RESIN;9995;30;;;;;10005;30;;;;;10000.0;291.0
1;15500;RAINFOREST_RESIN;9995;25;;;;;9998;11;10005;25;;;9996.5;291.0
1;15500;SQUID_INK;1850;25;;;;;1853;25;;;;;1851.5;0.0
1;15500;KELP;2032;25;;;;;2036;25;;;;;2034.0;53.66796875
1;15600;RAINFOREST_RESIN;9996;1;9995;22;;;10004;1;10005;22;;;10000.0;313.0
1;15600;SQUID_INK;1846;23;;;;;1849;23;;;;;1847.5;0.0
1;15600;KELP;2032;23;;;;;2036;23;;;;;2034.0;56.70703125
1;15700;KELP;2033;2;2032;28;;;2034;1;2036;30;;;2033.5;56.998046875
1;15700;RAINFOREST_RESIN;9996;2;9995;28;;;10004;2;10005;28;;;10000.0;313.0
1;15700;SQUID_INK;1847;30;;;;;1849;1;1850;30;;;1848.0;0.0
1;15800;SQUID_INK;1851;32;;;;;1854;28;;;;;1852.5;0.0
1;15800;KELP;2033;6;2032;26;;;2036;28;;;;;2034.5;56.837890625
1;15800;RAINFOREST_RESIN;9998;6;9996;2;9995;26;10004;2;10005;26;;;10001.0;313.0
1;15900;RAINFOREST_RESIN;9996;1;9995;20;;;10002;8;10004;1;10005;20;9999.0;319.0
1;15900;SQUID_INK;1853;21;;;;;1854;3;1856;21;;;1853.5;0.0
1;15900;KELP;2032;21;;;;;2033;3;2036;21;;;2032.5;57.93359375
1;16000;RAINFOREST_RESIN;9996;2;9995;20;;;10004;2;10005;20;;;10000.0;319.0
1;16000;SQUID_INK;1856;22;;;;;1858;4;1859;22;;;1857.0;0.0
1;16000;KELP;2032;22;;;;;2034;4;2036;22;;;2033.0;60.998046875
1;16100;KELP;2032;26;;;;;2033;1;2034;8;2036;27;2032.5;62.80078125
1;16100;RAINFOREST_RESIN;9996;1;9995;26;;;10004;1;10005;26;;;10000.0;319.0
1;16100;SQUID_INK;1856;27;;;;;1857;2;1858;8;1859;27;1856.5;0.0
1;16200;SQUID_INK;1853;26;;;;;1856;27;;;;;1854.5;0.0
1;16200;KELP;2032;26;;;;;2036;27;;;;;2034.0;59.14453125
1;16200;RAINFOREST_RESIN;9995;27;;;;;10002;4;10005;27;;;9998.5;319.0
1;16300;RAINFOREST_RESIN;9996;1;9995;21;;;10004;1;10005;21;;;10000.0;319.0
1;16300;SQUID_INK;1850;22;;;;;1853;1;1854;21;;;1851.5;0.0
1;16300;KELP;2032;22;;;;;2035;22;;;;;2033.5;56.71875
1;16400;RAINFOREST_RESIN;9996;2;9995;25;;;10002;6;10004;2;10005;25;9999.0;325.0
1;16400;SQUID_INK;1848;27;;;;;1850;7;1851;27;;;1849.0;0.0
1;16400;KELP;2032;27;;;;;2034;7;2036;27;;;2033.0;59.85546875
1;16500;KELP;2032;22;;;;;2035;1;2036;22;;;2033.5;64.31640625
1;16500;RAINFOREST_RESIN;9995;22;;;;;10005;22;;;;;10000.0;325.0
1;16500;SQUID_INK;1848;22;;;;;1849;1;1851;22;;;1848.5;0.0
1;16600;SQUID_INK;1848;7;1847;26;;;1850;26;;;;;1849.0;0.0
1;16600;KELP;2033;7;2032;26;;;2036;26;;;;;2034.5;63.47265625
1;16600;RAINFOREST_RESIN;9995;26;;;;;10005;26;;;;;10000.0;325.0
1;16700;RAINFOREST_RESIN;10002;1;9998;2;9995;25;10005;25;;;;;10003.5;325.0
1;16700;SQUID_INK;1842;25;;;;;1845;25;;;;;1843.5;0.0
1;16700;KELP;2032;25;;;;;2036;25;;;;;2034.0;64.1640625
1;16800;RAINFOREST_RESIN;10000;2;9996;2;9995;25;10004;2;10005;25;;;10002.0;327.0
1;16800;SQUID_INK;1838;2;1837;27;;;1840;27;;;;;1839.0;0.0
1;16800;KELP;2034;2;2033;27;;;2036;27;;;;;2035.0;65.1953125
1;16900;KELP;2033;2;2032;22;;;2036;24;;;;;2034.5;64.69140625
1;16900;RAINFOREST_RESIN;9996;2;9995;22;;;10004;2;10005;22;;;10000.0;327.0
1;16900;SQUID_INK;1842;24;;;;;1845;24;;;;;1843.5;0.0
1;17000;SQUID_INK;1843;1;1842;26;;;1845;26;;;;;1844.0;0.0
1;17000;RAINFOREST_RESIN;9996;1;9995;25;;;10004;1;10005;25;;;10000.0;327.0
1;17000;KELP;2033;2;2032;25;;;2036;26;;;;;2034.5;64.6796875
1;17100;SQUID_INK;1849;27;;;;;1852;1;1853;26;;;1850.5;0.0
1;17100;KELP;2033;1;2032;26;;;2036;27;;;;;2034.5;64.3359375
1;17100;RAINFOREST_RESIN;9996;1;9995;26;;;10004;1;10005;26;;;10000.0;327.0
1;17200;SQUID_INK;1848;33;;;;;1851;28;;;;;1849.5;0.0
1;17200;RAINFOREST_RESIN;9996;1;9995;27;;;10004;1;10005;27;;;10000.0;327.0
1;17200;KELP;2033;33;;;;;2036;28;;;;;2034.5;65.19140625
1;17300;KELP;2033;28;;;;;2035;6;2036;28;;;2034.0;65.35546875
1;17300;RAINFOREST_RESIN;9996;1;9995;27;;;10004;1;10005;27;;;10000.0;327.0
1;17300;SQUID_INK;1848;28;;;;;1850;6;1851;28;;;1849.0;0.0
1;17400;RAINFOREST_RESIN;9995;25;;;;;9998;11;10005;25;;;9996.5;327.0
1;17400;KELP;2034;3;2033;27;;;2036;25;;;;;2035.0;66.02734375
1;17400;SQUID_INK;1849;3;1848;2;1847;25;1851;25;;;;;1850.0;0.0
1;17500;KELP;2033;28;;;;;2036;28;;;;;2034.5;67.1171875
1;17500;SQUID_INK;1848;28;;;;;1851;28;;;;;1849.5;0.0
1;17500;RAINFOREST_RESIN;9996;2;9995;26;;;10004;2;10005;26;;;10000.0;357.0
1;17600;SQUID_INK;1849;3;1848;30;;;1851;30;;;;;1850.0;0.0
1;17600;RAINFOREST_RESIN;9996;1;9995;29;;;10004;1;10005;29;;;10000.0;357.0
1;17600;KELP;2033;33;;;;;2036;30;;;;;2034.5;75.8251953125
1;17700;KELP;2033;22;;;;;2036;22;;;;;2034.5;75.82421875
1;17700;SQUID_INK;1847;22;;;;;1850;22;;;;;1848.5;0.0
1;17700;RAINFOREST_RESIN;9998;2;9995;22;;;10005;22;;;;;10001.5;357.0
1;17800;RAINFOREST_RESIN;9996;2;9995;30;;;9998;3;10002;5;10004;2;9997.0;357.0
1;17800;KELP;2033;32;;;;;2035;5;2036;32;;;2034.0;75.94677734375
1;17800;SQUID_INK;1848;32;;;;;1850;5;1851;32;;;1849.0;0.0
1;17900;KELP;2035;1;2034;2;2033;21;2036;21;;;;;2035.5;75.91552734375
1;17900;SQUID_INK;1849;1;1848;2;1847;21;1850;21;;;;;1849.5;0.0
1;17900;RAINFOREST_RESIN;9995;21;;;;;9998;1;10002;3;10005;21;9996.5;363.0
1;18000;SQUID_INK;1848;24;;;;;1852;24;;;;;1850.0;0.0
1;18000;RAINFOREST_RESIN;9995;24;;;;;10005;24;;;;;10000.0;365.0
1;18000;KELP;2033;24;;;;;2036;24;;;;;2034.5;76.652587890625
1;18100;KELP;2033;30;;;;;2036;30;;;;;2034.5;76.715087890625
1;18100;SQUID_INK;1842;30;;;;;1845;30;;;;;1843.5;0.0
1;18100;RAINFOREST_RESIN;9996;2;9995;28;;;10004;2;10005;28;;;10000.0;365.0
1;18200;RAINFOREST_RESIN;9996;2;9995;23;;;10002;10;10004;2;10005;23;9999.0;365.0
1;18200;KELP;2033;25;;;;;2036;25;;;;;2034.5;79.275390625
1;18200;SQUID_INK;1840;25;;;;;1843;25;;;;;1841.5;0.0
1;18300;KELP;2033;20;;;;;2036;20;;;;;2034.5;80.376953125
1;18300;SQUID_INK;1839;20;;;;;1842;20;;;;;1840.5;0.0
1;18300;RAINFOREST_RESIN;9995;20;;;;;10005;20;;;;;10000.0;377.0
1;18400;SQUID_INK;1840;1;1839;1;1838;21;1842;22;;;;;1841.0;0.0
1;18400;RAINFOREST_RESIN;9996;1;9995;21;;;10004;1;10005;21;;;10000.0;377.0
1;18400;KELP;2035;1;2033;22;;;2036;22;;;;;2035.5;80.513671875
1;18500;SQUID_INK;1840;22;;;;;1843;23;;;;;1841.5;0.0
1;18500;KELP;2033;22;;;;;2036;23;;;;;2034.5;81.8359375
1;18500;RAINFOREST_RESIN;9996;2;9995;21;;;10004;2;10005;21;;;10000.0;377.0
1;18600;RAINFOREST_RESIN;9996;1;9995;21;;;10004;1;10005;21;;;10000.0;377.0
1;18600;KELP;2033;13;;;;;2036;22;;;;;2034.5;82.69140625
1;18600;SQUID_INK;1836;21;;;;;1837;8;1840;22;;;1836.5;0.0
1;18700;SQUID_INK;1838;30;;;;;1841;30;;;;;1839.5;0.0
1;18700;KELP;2033;30;;;;;2036;30;;;;;2034.5;82.783203125
1;18700;RAINFOREST_RESIN;10002;1;9995;30;;;10005;30;;;;;10003.5;377.0
1;18800;SQUID_INK;1836;24;;;;;1840;24;;;;;1838.0;0.0
1;18800;RAINFOREST_RESIN;9995;24;;;;;10002;7;10005;24;;;9998.5;379.0
1;18800;KELP;2033;24;;;;;2036;24;;;;;2034.5;81.6328125
1;18900;SQUID_INK;1830;32;;;;;1833;25;;;;;1831.5;0.0
1;18900;KELP;2033;32;;;;;2036;25;;;;;2034.5;82.466796875
1;18900;RAINFOREST_RESIN;10002;1;9995;25;;;10005;25;;;;;10003.5;379.0
1;19000;RAINFOREST_RESIN;9996;1;9995;30;;;10004;1;10005;30;;;10000.0;381.0
1;19000;KELP;2033;31;;;;;2036;31;;;;;2034.5;83.505859375
1;19000;SQUID_INK;1828;31;;;;;1831;31;;;;;1829.5;0.0
1;19100;SQUID_INK;1821;23;;;;;1824;23;;;;;1822.5;0.0
1;19100;KELP;2033;23;;;;;2036;23;;;;;2034.5;82.92578125
1;19100;RAINFOREST_RESIN;9996;2;9995;21;;;10004;2;10005;21;;;10000.0;381.0
1;19200;SQUID_INK;1823;26;;;;;1826;26;;;;;1824.5;0.0
1;19200;RAINFOREST_RESIN;9995;26;;;;;10002;1;10005;26;;;9998.5;381.0
1;19200;KELP;2033;26;;;;;2036;26;;;;;2034.5;82.7265625
1;19300;SQUID_INK;1825;25;;;;;1828;25;;;;;1826.5;0.0
1;19300;KELP;2033;25;;;;;2036;25;;;;;2034.5;83.0234375
1;19300;RAINFOREST_RESIN;9996;2;9995;23;;;9998;6;10004;2;10005;23;9997.0;381.0
1;19400;RAINFOREST_RESIN;9996;2;9995;24;;;10002;5;10004;2;10005;24;9999.0;393.0
1;19400;KELP;2033;26;;;;;2036;26;;;;;2034.5;81.912109375
1;19400;SQUID_INK;1829;26;;;;;1832;26;;;;;1830.5;0.0
1;19500;SQUID_INK;1828;23;;;;;1832;23;;;;;1830.0;0.0
1;19500;KELP;2033;23;;;;;2036;23;;;;;2034.5;82.212890625
1;19500;RAINFOREST_RESIN;9995;23;;;;;10005;23;;;;;10000.0;393.0
1;19600;SQUID_INK;1828;27;;;;;1831;27;;;;;1829.5;0.0
1;19600;RAINFOREST_RESIN;10002;1;9998;5;9996;1;10004;1;10005;26;;;10003.0;393.0
1;19600;KELP;2033;27;;;;;2036;27;;;;;2034.5;87.74609375
1;19700;SQUID_INK;1826;31;;;;;1829;31;;;;;1827.5;0.0
1;19700;RAINFOREST_RESIN;9996;2;9995;29;;;10004;2;10005;29;;;10000.0;395.0
1;19700;KELP;2033;31;;;;;2036;31;;;;;2034.5;92.37109375
1;19800;RAINFOREST_RESIN;9996;2;9995;26;;;10004;2;10005;26;;;10000.0;395.0
1;19800;KELP;2033;28;;;;;2036;28;;;;;2034.5;93.15234375
1;19800;SQUID_INK;1825;28;;;;;1828;28;;;;;1826.5;0.0
1;19900;KELP;2033;23;;;;;2036;23;;;;;2034.5;93.67578125
1;19900;SQUID_INK;1826;23;;;;;1829;1;1830;22;;;1827.5;0.0
1;19900;RAINFOREST_RESIN;9996;1;9995;22;;;9998;1;10004;1;10005;22;9997.0;395.0
1;20000;KELP;2033;26;;;;;2035;4;2036;26;;;2034.0;93.67578125
1;20000;SQUID_INK;1831;26;;;;;1833;4;1834;26;;;1832.0;0.0
1;20000;RAINFOREST_RESIN;9995;26;;;;;9998;1;10005;26;;;9996.5;418.0
1;20100;SQUID_INK;1832;30;;;;;1834;4;1835;30;;;1833.0;0.0
1;20100;RAINFOREST_RESIN;9996;1;9995;29;;;9998;4;10004;1;10005;29;9997.0;420.0
1;20100;KELP;2033;30;;;;;2035;4;2036;30;;;2034.0;93.0234375
1;20200;RAINFOREST_RESIN;10002;1;9995;20;;;10005;20;;;;;10003.5;428.0
1;20200;KELP;2033;20;;;;;2036;20;;;;;2034.5;93.67578125
1;20200;SQUID_INK;1833;20;;;;;1837;20;;;;;1835.0;0.0
1;20300;KELP;2033;24;;;;;2036;24;;;;;2034.5;92.87890625
1;20300;SQUID_INK;1833;24;;;;;1836;24;;;;;1834.5;0.0
1;20300;RAINFOREST_RESIN;10002;4;9995;24;;;10005;24;;;;;10003.5;430.0
1;20400;KELP;2033;25;;;;;2036;28;;;;;2034.5;91.68359375
1;20400;SQUID_INK;1830;28;;;;;1831;3;1833;28;;;1830.5;0.0
1;20400;RAINFOREST_RESIN;10002;2;9996;1;9995;27;10004;1;10005;27;;;10003.0;438.0
1;20500;SQUID_INK;1833;18;;;;;1836;26;;;;;1834.5;0.0
1;20500;RAINFOREST_RESIN;9998;7;9996;1;9995;25;10004;1;10005;25;;;10001.0;442.0
1;20500;KELP;2033;18;;;;;2036;26;;;;;2034.5;92.21484375
1;20600;RAINFOREST_RESIN;9996;1;9995;24;;;9998;4;10002;5;10004;1;9997.0;442.0
1;20600;KELP;2033;25;;;;;2036;25;;;;;2034.5;91.685546875
1;20600;SQUID_INK;1833;25;;;;;1836;25;;;;;1834.5;0.0
1;20700;KELP;2034;2;2033;33;;;2036;30;;;;;2035.0;92.998046875
1;20700;SQUID_INK;1837;2;1835;33;;;1838;30;;;;;1837.5;0.0
1;20700;RAINFOREST_RESIN;9995;30;;;;;10005;30;;;;;10000.0;452.0
1;20800;KELP;2033;26;;;;;2036;26;;;;;2034.5;97.8828125
1;20800;SQUID_INK;1839;26;;;;;1842;26;;;;;1840.5;0.0
1;20800;RAINFOREST_RESIN;9996;2;9995;24;;;10004;2;10005;24;;;10000.0;452.0
1;20900;SQUID_INK;1837;31;;;;;1838;1;1840;2;1841;29;1837.5;0.0
1;20900;RAINFOREST_RESIN;9996;2;9995;29;;;10004;2;10005;29;;;10000.0;452.0
1;20900;KELP;2033;30;;;;;2036;31;;;;;2034.5;98.48828125
1;21000;RAINFOREST_RESIN;9996;1;9995;25;;;10004;1;10005;25;;;10000.0;452.0
1;21000;KELP;2033;26;;;;;2036;26;;;;;2034.5;99.91015625
1;21000;SQUID_INK;1835;26;;;;;1838;26;;;;;1836.5;0.0
1;21100;KELP;2033;28;;;;;2034;2;2036;28;;;2033.5;97.6875
1;21100;SQUID_INK;1835;28;;;;;1836;2;1838;28;;;1835.5;0.0
1;21100;RAINFOREST_RESIN;9995;28;;;;;10000;2;10005;28;;;9997.5;452.0
1;21200;KELP;2035;1;2033;29;;;2036;29;;;;;2035.5;99.5625
1;21200;SQUID_INK;1836;1;1834;29;;;1837;29;;;;;1836.5;0.0
1;21200;RAINFOREST_RESIN;9995;29;;;;;9998;1;10005;29;;;9996.5;452.0
1;21300;SQUID_INK;1833;22;;;;;1835;2;1836;22;;;1834.0;0.0
1;21300;RAINFOREST_RESIN;9995;22;;;;;10005;22;;;;;10000.0;454.0
1;21300;KELP;2033;22;;;;;2035;2;2036;22;;;2034.0;99.7109375
1;21400;RAINFOREST_RESIN;9996;1;9995;29;;;10004;1;10005;29;;;10000.0;454.0
1;21400;KELP;2033;30;;;;;2036;30;;;;;2034.5;96.94140625
1;21400;SQUID_INK;1835;30;;;;;1838;30;;;;;1836.5;0.0
1;21500;KELP;2032;28;;;;;2033;5;2036;30;;;2032.5;95.01171875
1;21500;SQUID_INK;1838;28;;;;;1839;5;1842;30;;;1838.5;0.0
1;21500;RAINFOREST_RESIN;9996;2;9995;28;;;10004;2;10005;28;;;10000.0;454.0
1;21600;KELP;2033;2;2032;20;;;2036;22;;;;;2034.5;99.9140625
1;21600;SQUID_INK;1843;22;;;;;1846;2;1847;20;;;1844.5;0.0
1;21600;RAINFOREST_RESIN;9998;5;9996;2;9995;20;10004;2;10005;20;;;10001.0;454.0
1;21700;SQUID_INK;1844;4;1843;27;;;1846;27;;;;;1845.0;0.0
1;21700;RAINFOREST_RESIN;9996;2;9995;25;;;10004;2;10005;25;;;10000.0;454.0
1;21700;KELP;2033;6;2032;25;;;2036;27;;;;;2034.5;101.2578125
1;21800;RAINFOREST_RESIN;9996;1;9995;25;;;10004;1;10005;25;;;10000.0;454.0
1;21800;KELP;2033;1;2032;25;;;2036;26;;;;;2034.5;99.953125
1;21800;SQUID_INK;1844;26;;;;;1847;26;;;;;1845.5;0.0
1;21900;KELP;2032;27;;;;;2036;27;;;;;2034.0;101.2734375
1;21900;RAINFOREST_RESIN;9995;27;;;;;10002;3;10005;27;;;9998.5;454.0
1;21900;SQUID_INK;1845;27;;;;;1848;27;;;;;1846.5;0.0
1;22000;KELP;2033;22;;;;;2036;22;;;;;2034.5;102.08203125
1;22000;SQUID_INK;1844;22;;;;;1847;22;;;;;1845.5;0.0
1;22000;RAINFOREST_RESIN;9996;2;9995;20;;;10004;2;10005;20;;;10000.0;454.0
1;22100;RAINFOREST_RESIN;9995;22;;;;;10005;22;;;;;10000.0;454.0
1;22100;SQUID_INK;1848;22;;;;;1850;4;1852;22;;;1849.0;0.0
1;22100;KELP;2032;22;;;;;2034;4;2036;22;;;2033.0;100.50390625
1;22200;RAINFOREST_RESIN;10002;1;9995;23;;;10005;23;;;;;10003.5;454.0
1;22200;KELP;2033;3;2032;23;;;2036;23;;;;;2034.5;100.765625
1;22200;SQUID_INK;1849;26;;;;;1852;23;;;;;1850.5;0.0
1;22300;KELP;2033;30;;;;;2036;30;;;;;2034.5;102.35546875
1;22300;RAINFOREST_RESIN;9996;2;9995;28;;;10004;2;10005;28;;;10000.0;456.0
1;22300;SQUID_INK;1848;30;;;;;1851;2;1852;28;;;1849.5;0.0
1;22400;KELP;2033;24;;;;;2036;24;;;;;2034.5;102.61328125
1;22400;SQUID_INK;1846;24;;;;;1849;24;;;;;1847.5;0.0
1;22400;RAINFOREST_RESIN;9996;1;9995;23;;;10002;2;10004;1;10005;23;9999.0;456.0
1;22500;RAINFOREST_RESIN;9998;2;9995;27;;;10005;27;;;;;10001.5;456.0
1;22500;SQUID_INK;1849;1;1847;27;;;1851;27;;;;;1850.0;0.0
1;22500;KELP;2035;1;2032;27;;;2036;27;;;;;2035.5;101.0625
1;22600;RAINFOREST_RESIN;9998;5;9996;1;9995;25;10004;1;10005;25;;;10001.0;456.0
1;22600;KELP;2035;1;2034;4;2033;30;2036;26;;;;;2035.5;102.87109375
1;22600;SQUID_INK;1851;1;1850;4;1849;30;1852;26;;;;;1851.5;0.0
1;22700;KELP;2033;26;;;;;2036;26;;;;;2034.5;103.62890625
1;22700;RAINFOREST_RESIN;9996;1;9995;25;;;10002;9;10004;1;10005;25;9999.0;456.0
1;22700;SQUID_INK;1849;26;;;;;1852;26;;;;;1850.5;0.0
1;22800;KELP;2033;27;;;;;2036;27;;;;;2034.5;104.12890625
1;22800;SQUID_INK;1847;27;;;;;1850;27;;;;;1848.5;0.0
1;22800;RAINFOREST_RESIN;10002;1;9996;1;9995;26;10004;1;10005;26;;;10003.0;456.0
1;22900;RAINFOREST_RESIN;10002;2;9996;1;9995;22;10004;1;10005;22;;;10003.0;464.0
1;22900;SQUID_INK;1845;23;;;;;1846;1;1847;4;1848;1;1845.5;0.0
1;22900;KELP;2033;22;;;;;2035;4;2036;23;;;2034.0;104.3828125
1;23000;RAINFOREST_RESIN;9996;1;9995;20;;;10002;2;10004;1;10005;20;9999.0;468.0
1;23000;SQUID_INK;1847;1;1845;21;;;1848;21;;;;;1847.5;0.0
1;23000;KELP;2035;1;2033;21;;;2036;21;;;;;2035.5;104.12109375
1;23100;KELP;2033;35;;;;;2036;28;;;;;2034.5;106.64453125
1;23100;RAINFOREST_RESIN;9996;2;9995;26;;;10004;2;10005;26;;;10000.0;468.0
1;23100;SQUID_INK;1844;7;1843;28;;;1846;2;1847;26;;;1845.0;0.0
1;23200;SQUID_INK;1842;26;;;;;1845;25;;;;;1843.5;0.0
1;23200;KELP;2033;26;;;;;2036;25;;;;;2034.5;105.13671875
1;23200;RAINFOREST_RESIN;9996;1;9995;24;;;10002;4;10004;1;10005;24;9999.0;468.0
1;23300;RAINFOREST_RESIN;9996;2;9995;21;;;10004;2;10005;21;;;10000.0;468.0
1;23300;SQUID_INK;1841;23;;;;;1844;23;;;;;1842.5;0.0
1;23300;KELP;2033;23;;;;;2036;23;;;;;2034.5;106.390625
1;23400;RAINFOREST_RESIN;9996;1;9995;29;;;10004;1;10005;29;;;10000.0;468.0
1;23400;SQUID_INK;1840;30;;;;;1843;1;1844;29;;;1841.5;0.0
1;23400;KELP;2033;30;;;;;2036;30;;;;;2034.5;110.1796875
1;23500;KELP;2033;34;;;;;2036;31;;;;;2034.5;116.4921875
1;23500;RAINFOREST_RESIN;9996;1;9995;30;;;10004;1;10005;30;;;10000.0;468.0
1;23500;SQUID_INK;1841;34;;;;;1844;31;;;;;1842.5;0.0
1;23600;SQUID_INK;1843;26;;;;;1846;2;1847;25;;;1844.5;0.0
1;23600;KELP;2033;26;;;;;2036;27;;;;;2034.5;114.4765625
1;23600;RAINFOREST_RESIN;9996;2;9995;25;;;10004;2;10005;25;;;10000.0;468.0
1;23700;RAINFOREST_RESIN;9996;1;9995;20;;;10004;1;10005;20;;;10000.0;468.0
1;23700;SQUID_INK;1846;1;1844;21;;;1847;1;1848;20;;;1846.5;0.0
1;23700;KELP;2035;1;2033;21;;;2036;21;;;;;2035.5;113.734375
1;23800;RAINFOREST_RESIN;9995;22;;;;;10005;22;;;;;10000.0;468.0
1;23800;SQUID_INK;1842;22;;;;;1846;22;;;;;1844.0;0.0
1;23800;KELP;2033;22;;;;;2036;22;;;;;2034.5;113.984375
1;23900;KELP;2033;27;;;;;2036;27;;;;;2034.5;114.375
1;23900;RAINFOREST_RESIN;9995;27;;;;;10005;27;;;;;10000.0;468.0
1;23900;SQUID_INK;1843;27;;;;;1846;27;;;;;1844.5;0.0
1;24000;SQUID_INK;1845;35;;;;;1848;29;;;;;1846.5;0.0
1;24000;KELP;2033;35;;;;;2036;29;;;;;2034.5;113.9765625
1;24000;RAINFOREST_RESIN;9995;29;;;;;10005;29;;;;;10000.0;468.0
1;24100;RAINFOREST_RESIN;9996;2;9995;20;;;10004;2;10005;20;;;10000.0;468.0
1;24100;SQUID_INK;1841;2;1840;20;;;1844;22;;;;;1842.5;0.0
1;24100;KELP;2033;22;;;;;2036;22;;;;;2034.5;111.6171875
1;24200;RAINFOREST_RESIN;9996;1;9995;23;;;10002;7;10004;1;10005;23;9999.0;468.0
1;24200;SQUID_INK;1849;1;1848;23;;;1850;8;1852;24;;;1849.5;0.0
1;24200;KELP;2033;24;;;;;2035;8;2036;24;;;2034.0;111.6328125
1;24300;KELP;2033;26;;;;;2035;5;2036;27;;;2034.0;114.828125
1;24300;RAINFOREST_RESIN;10002;1;9995;27;;;10005;27;;;;;10003.5;468.0
1;24300;SQUID_INK;1846;26;;;;;1848;5;1849;27;;;1847.0;0.0
1;24400;SQUID_INK;1845;37;;;;;1848;29;;;;;1846.5;0.0
1;24400;KELP;2033;37;;;;;2036;29;;;;;2034.5;115.265625
1;24400;RAINFOREST_RESIN;9996;1;9995;28;;;10004;1;10005;28;;;10000.0;470.0
1;24500;RAINFOREST_RESIN;9996;2;9995;24;;;10002;10;10004;2;10005;24;9999.0;470.0
1;24500;SQUID_INK;1844;26;;;;;1847;26;;;;;1845.5;0.0
1;24500;KELP;2033;26;;;;;2036;26;;;;;2034.5;116.0390625
1;24600;RAINFOREST_RESIN;9996;2;9995;22;;;10002;10;10004;2;10005;22;9999.0;470.0
1;24600;SQUID_INK;1846;24;;;;;1849;24;;;;;1847.5;0.0
1;24600;KELP;2033;24;;;;;2036;24;;;;;2034.5;117.796875
1;24700;KELP;2033;22;;;;;2036;22;;;;;2034.5;119.28125
1;24700;RAINFOREST_RESIN;9996;2;9995;20;;;10004;2;10005;20;;;10000.0;470.0
1;24700;SQUID_INK;1848;22;;;;;1851;22;;;;;1849.5;0.0
1;24800;SQUID_INK;1849;28;;;;;1852;28;;;;;1850.5;0.0
1;24800;KELP;2033;28;;;;;2036;28;;;;;2034.5;118.78125
1;24800;RAINFOREST_RESIN;9995;28;;;;;10005;28;;;;;10000.0;470.0
1;24900;RAINFOREST_RESIN;9998;7;9995;24;;;10005;24;;;;;10001.5;470.0
1;24900;SQUID_INK;1848;24;;;;;1852;24;;;;;1850.0;0.0
1;24900;KELP;2033;24;;;;;2036;24;;;;;2034.5;122.6171875
1;25000;RAINFOREST_RESIN;10002;1;9996;1;9995;27;10004;1;10005;27;;;10003.0;470.0
1;25000;SQUID_INK;1852;28;;;;;1855;28;;;;;1853.5;71.8203125
1;25000;KELP;2033;28;;;;;2036;28;;;;;2034.5;124.59375
1;25100;KELP;2033;27;;;;;2036;27;;;;;2034.5;129.109375
1;25100;RAINFOREST_RESIN;9998;8;9996;1;9995;26;10004;1;10005;26;;;10001.0;472.0
1;25100;SQUID_INK;1850;27;;;;;1853;27;;;;;1851.5;-38.8515625
1;25200;SQUID_INK;1851;32;;;;;1852;4;1854;26;;;1851.5;15.75
1;25200;KELP;2033;32;;;;;2034;4;2036;26;;;2033.5;133.96875
1;25200;RAINFOREST_RESIN;9996;2;9995;24;;;10000;4;10004;2;10005;24;9998.0;472.0
1;25300;RAINFOREST_RESIN;9998;9;9996;1;9995;21;10004;1;10005;21;;;10001.0;472.0
1;25300;SQUID_INK;1854;22;;;;;1857;22;;;;;1855.5;161.34375
1;25300;KELP;2033;22;;;;;2036;22;;;;;2034.5;135.6640625
1;25400;RAINFOREST_RESIN;10002;3;9996;2;9995;27;10004;2;10005;27;;;10003.0;472.0
1;25400;SQUID_INK;1852;29;;;;;1855;29;;;;;1853.5;79.5703125
1;25400;KELP;2033;29;;;;;2036;29;;;;;2034.5;126.0390625
1;25500;KELP;2033;24;;;;;2035;6;2036;24;;;2034.0;123.9609375
1;25500;RAINFOREST_RESIN;9996;1;9995;23;;;10004;1;10005;23;;;10000.0;478.0
1;25500;SQUID_INK;1852;24;;;;;1854;6;1855;1;1856;23;1853.0;95.0390625
1;25600;SQUID_INK;1853;24;;;;;1855;6;1856;24;;;1854.0;141.5
1;25600;KELP;2033;24;;;;;2035;6;2036;24;;;2034.0;121.9296875
1;25600;RAINFOREST_RESIN;9995;24;;;;;10005;24;;;;;10000.0;478.0
1;25700;RAINFOREST_RESIN;9996;1;9995;24;;;10004;1;10005;24;;;10000.0;478.0
1;25700;SQUID_INK;1849;25;;;;;1852;25;;;;;1850.5;-58.859375
1;25700;KELP;2033;25;;;;;2036;25;;;;;2034.5;121.4375
1;25800;RAINFOREST_RESIN;10002;1;9996;2;9995;27;10004;2;10005;27;;;10003.0;478.0
1;25800;SQUID_INK;1849;29;;;;;1852;29;;;;;1850.5;-69.1171875
1;25800;KELP;2033;29;;;;;2036;29;;;;;2034.5;119.4296875
1;25900;KELP;2033;29;;;;;2036;29;;;;;2034.5;122.46875
1;25900;RAINFOREST_RESIN;9996;2;9995;27;;;10004;2;10005;27;;;10000.0;480.0
1;25900;SQUID_INK;1849;29;;;;;1852;29;;;;;1850.5;-76.1875
1;26000;SQUID_INK;1851;1;1849;27;;;1852;27;;;;;1851.5;-62.1484375
1;26000;RAINFOREST_RESIN;9995;27;;;;;10005;27;;;;;10000.0;486.0
1;26000;KELP;2035;1;2033;27;;;2036;27;;;;;2035.5;125.03125
1;26100;SQUID_INK;1850;1;1849;2;1848;25;1851;1;1852;24;;;1850.5;-101.984375
1;26100;KELP;2035;1;2033;27;;;2036;25;;;;;2035.5;126.546875
1;26100;RAINFOREST_RESIN;10002;1;9998;3;9996;1;10004;1;10005;24;;;10003.0;486.0
1;26200;SQUID_INK;1848;29;;;;;1851;29;;;;;1849.5;-115.0546875
1;26200;RAINFOREST_RESIN;10002;1;9996;2;9995;27;10004;2;10005;27;;;10003.0;488.0
1;26200;KELP;2033;29;;;;;2036;29;;;;;2034.5;124.1875
1;26300;KELP;2033;25;;;;;2036;26;;;;;2034.5;124.1875
1;26300;SQUID_INK;1847;25;;;;;1851;26;;;;;1849.0;-148.7421875
1;26300;RAINFOREST_RESIN;9996;1;9995;25;;;10002;1;10004;1;10005;25;9999.0;490.0
1;26400;RAINFOREST_RESIN;9995;27;;;;;10005;27;;;;;10000.0;490.0
1;26400;KELP;2033;27;;;;;2036;27;;;;;2034.5;124.1953125
1;26400;SQUID_INK;1848;27;;;;;1851;27;;;;;1849.5;-137.90625
1;26500;KELP;2033;22;;;;;2036;22;;;;;2034.5;126.125
1;26500;SQUID_INK;1847;22;;;;;1850;22;;;;;1848.5;-188.8515625
1;26500;RAINFOREST_RESIN;9996;1;9995;21;;;10004;1;10005;21;;;10000.0;490.0
1;26600;SQUID_INK;1847;31;;;;;1850;31;;;;;1848.5;-193.1484375
1;26600;RAINFOREST_RESIN;9996;2;9995;29;;;9998;4;10004;2;10005;29;9997.0;490.0
1;26600;KELP;2033;31;;;;;2036;31;;;;;2034.5;129.0234375
1;26700;KELP;2035;1;2033;34;;;2036;26;;;;;2035.5;128.53125
1;26700;SQUID_INK;1846;1;1845;8;1844;26;1847;26;;;;;1846.5;-307.6328125
1;26700;RAINFOREST_RESIN;9995;26;;;;;10005;26;;;;;10000.0;498.0
1;26800;RAINFOREST_RESIN;10002;1;9998;7;9995;20;10005;20;;;;;10003.5;498.0
1;26800;KELP;2033;20;;;;;2036;20;;;;;2034.5;128.640625
1;26800;SQUID_INK;1844;20;;;;;1847;20;;;;;1845.5;-344.1484375
1;26900;KELP;2033;22;;;;;2036;22;;;;;2034.5;126.28125
1;26900;SQUID_INK;1846;22;;;;;1849;22;;;;;1847.5;-220.96875
1;26900;RAINFOREST_RESIN;9995;22;;;;;10005;22;;;;;10000.0;500.0
1;27000;SQUID_INK;1849;27;;;;;1850;6;1852;27;;;1849.5;-88.9921875
1;27000;RAINFOREST_RESIN;9998;2;9996;1;9995;26;10004;1;10005;26;;;10001.0;500.0
1;27000;KELP;2033;27;;;;;2035;6;2036;27;;;2034.0;130.5546875
1;27100;KELP;2035;1;2033;29;;;2036;29;;;;;2035.5;130.0703125
1;27100;SQUID_INK;1851;1;1849;29;;;1852;29;;;;;1851.5;-65.65625
1;27100;RAINFOREST_RESIN;9996;2;9995;27;;;9998;1;10002;10;10004;2;9997.0;500.0
1;27200;RAINFOREST_RESIN;9998;3;9996;2;9995;23;10004;2;10005;23;;;10001.0;502.0
1;27200;KELP;2035;1;2033;32;;;2036;25;;;;;2035.5;129.1640625
1;27200;SQUID_INK;1853;1;1851;32;;;1854;25;;;;;1853.5;14.2265625
1;27300;KELP;2033;24;;;;;2036;25;;;;;2034.5;130.5625
1;27300;SQUID_INK;1850;24;;;;;1853;25;;;;;1851.5;-33.4140625
1;27300;RAINFOREST_RESIN;9995;25;;;;;10002;8;10005;25;;;9998.5;502.0
1;27400;SQUID_INK;1849;6;1848;23;;;1851;1;1852;22;;;1850.0;-104.1328125
1;27400;RAINFOREST_RESIN;9996;1;9995;22;;;9998;3;10004;1;10005;22;9997.0;502.0
1;27400;KELP;2034;6;2033;23;;;2036;23;;;;;2035.0;128.7578125
1;27500;SQUID_INK;1848;30;;;;;1851;30;;;;;1849.5;-131.4140625
1;27500;KELP;2033;30;;;;;2036;30;;;;;2034.5;131.4296875
1;27500;RAINFOREST_RESIN;9995;30;;;;;10005;30;;;;;10000.0;508.0
1;27600;RAINFOREST_RESIN;9996;2;9995;26;;;10002;4;10004;2;10005;26;9999.0;508.0
1;27600;KELP;2035;1;2033;34;;;2036;28;;;;;2035.5;131.4375
1;27600;SQUID_INK;1851;1;1849;34;;;1852;28;;;;;1851.5;-84.65625
1;27700;SQUID_INK;1849;32;;;;;1852;32;;;;;1850.5;-91.0546875
1;27700;KELP;2033;32;;;;;2036;32;;;;;2034.5;131.0859375
1;27700;RAINFOREST_RESIN;9996;2;9995;30;;;10004;2;10005;30;;;10000.0;508.0
1;27800;SQUID_INK;1848;27;;;;;1851;22;;;;;1849.5;-114.9140625
1;27800;RAINFOREST_RESIN;9998;2;9996;2;9995;20;10004;2;10005;20;;;10001.0;508.0
1;27800;KELP;2033;27;;;;;2036;22;;;;;2034.5;132.3984375
1;27900;SQUID_INK;1848;29;;;;;1850;8;1851;29;;;1849.0;-115.7890625
1;27900;KELP;2033;29;;;;;2035;8;2036;29;;;2034.0;131.9375
1;27900;RAINFOREST_RESIN;9995;29;;;;;10005;29;;;;;10000.0;508.0
1;28000;RAINFOREST_RESIN;9995;22;;;;;10005;22;;;;;10000.0;508.0
1;28000;KELP;2033;26;;;;;2036;22;;;;;2034.5;129.7421875
1;28000;SQUID_INK;1849;26;;;;;1852;22;;;;;1850.5;-73.7890625
1;28100;SQUID_INK;1848;1;1847;20;;;1851;21;;;;;1849.5;-144.8515625
1;28100;KELP;2033;21;;;;;2036;21;;;;;2034.5;128.859375
1;28100;RAINFOREST_RESIN;9996;1;9995;20;;;10004;1;10005;20;;;10000.0;508.0
1;28200;SQUID_INK;1849;23;;;;;1852;23;;;;;1850.5;-60.3828125
1;28200;RAINFOREST_RESIN;9995;23;;;;;10005;23;;;;;10000.0;517.0
1;28200;KELP;2033;23;;;;;2036;23;;;;;2034.5;132.3984375
1;28300;SQUID_INK;1849;30;;;;;1852;30;;;;;1850.5;-90.78125
1;28300;KELP;2033;30;;;;;2036;30;;;;;2034.5;130.625
1;28300;RAINFOREST_RESIN;9996;2;9995;28;;;10004;2;10005;28;;;10000.0;517.0
1;28400;RAINFOREST_RESIN;9995;20;;;;;10002;8;10005;20;;;9998.5;517.0
1;28400;KELP;2033;20;;;;;2036;20;;;;;2034.5;129.734375
1;28400;SQUID_INK;1849;20;;;;;1853;20;;;;;1851.0;-51.1796875
1;28500;KELP;2033;33;;;;;2036;30;;;;;2034.5;130.609375
1;28500;SQUID_INK;1847;33;;;;;1850;30;;;;;1848.5;-178.2421875
1;28500;RAINFOREST_RESIN;9996;2;9995;28;;;10004;2;10005;28;;;10000.0;517.0
1;28600;KELP;2033;27;;;;;2034;5;2036;28;;;2033.5;133.15625
1;28600;SQUID_INK;1848;27;;;;;1849;5;1851;28;;;1848.5;-143.8671875
1;28600;RAINFOREST_RESIN;9996;2;9995;26;;;10000;5;10002;5;10004;2;9998.0;517.0
1;28700;SQUID_INK;1848;23;;;;;1851;24;;;;;1849.5;-123.0078125
1;28700;RAINFOREST_RESIN;9998;8;9996;2;9995;22;10004;2;10005;22;;;10001.0;517.0
1;28700;KELP;2033;23;;;;;2036;24;;;;;2034.5;137.484375
1;28800;RAINFOREST_RESIN;9995;21;;;;;10002;8;10005;21;;;9998.5;517.0
1;28800;KELP;2033;21;;;;;2036;21;;;;;2034.5;141.453125
1;28800;SQUID_INK;1848;21;;;;;1851;21;;;;;1849.5;-109.078125
1;28900;KELP;2033;24;;;;;2036;23;;;;;2034.5;140.9453125
1;28900;SQUID_INK;1850;24;;;;;1853;23;;;;;1851.5;-35.8515625
1;28900;RAINFOREST_RESIN;9996;1;9995;22;;;10002;5;10004;1;10005;22;9999.0;517.0
1;29000;KELP;2033;26;;;;;2036;26;;;;;2034.5;141.46875
1;29000;SQUID_INK;1851;2;1850;24;;;1854;26;;;;;1852.5;5.296875
1;29000;RAINFOREST_RESIN;10002;1;9996;2;9995;24;10004;2;10005;24;;;10003.0;517.0
1;29100;SQUID_INK;1850;23;;;;;1853;23;;;;;1851.5;-14.4765625
1;29100;RAINFOREST_RESIN;9995;23;;;;;10002;2;10005;23;;;9998.5;519.0
1;29100;KELP;2033;23;;;;;2036;23;;;;;2034.5;144.0
1;29200;RAINFOREST_RESIN;9996;1;9995;22;;;10004;1;10005;22;;;10000.0;519.0
1;29200;KELP;2033;23;;;;;2036;23;;;;;2034.5;144.46875
1;29200;SQUID_INK;1850;23;;;;;1853;1;1854;22;;;1851.5;-3.5078125
1;29300;KELP;2033;23;;;;;2036;23;;;;;2034.5;143.9765625
1;29300;SQUID_INK;1850;1;1849;22;;;1853;23;;;;;1851.5;-47.3359375
1;29300;RAINFOREST_RESIN;9996;1;9995;22;;;10004;1;10005;22;;;10000.0;519.0
1;29400;KELP;2033;25;;;;;2036;25;;;;;2034.5;143.484375
1;29400;SQUID_INK;1851;25;;;;;1854;25;;;;;1852.5;10.671875
1;29400;RAINFOREST_RESIN;9996;2;9995;23;;;10002;4;10004;2;10005;23;9999.0;519.0
1;29500;SQUID_INK;1850;19;;;;;1853;20;;;;;1851.5;-33.59375
1;29500;RAINFOREST_RESIN;9998;6;9995;20;;;10005;20;;;;;10001.5;519.0
1;29500;KELP;2033;19;;;;;2036;20;;;;;2034.5;142.5
1;29600;RAINFOREST_RESIN;9996;1;9995;26;;;10000;4;10004;1;10005;26;9998.0;519.0
1;29600;KELP;2033;27;;;;;2034;4;2036;27;;;2033.5;143.515625
1;29600;SQUID_INK;1853;27;;;;;1854;4;1856;27;;;1853.5;111.9765625
1;29700;KELP;2033;23;;;;;2035;8;2036;23;;;2034.0;142.21875
1;29700;SQUID_INK;1851;1;1850;22;;;1852;8;1854;23;;;1851.5;1.90625
1;29700;RAINFOREST_RESIN;9996;1;9995;22;;;10002;7;10004;1;10005;22;9999.0;519.0
1;29800;KELP;2035;1;2033;29;;;2036;25;;;;;2035.5;143.078125
1;29800;SQUID_INK;1855;1;1853;29;;;1856;25;;;;;1855.5;118.421875
1;29800;RAINFOREST_RESIN;9995;25;;;;;10005;25;;;;;10000.0;519.0
1;29900;SQUID_INK;1854;32;;;;;1857;32;;;;;1855.5;156.515625
1;29900;RAINFOREST_RESIN;9996;2;9995;30;;;10004;2;10005;30;;;10000.0;539.0
1;29900;KELP;2033;32;;;;;2036;32;;;;;2034.5;143.84375
1;30000;RAINFOREST_RESIN;9998;10;9996;2;9995;23;10004;2;10005;23;;;10001.0;539.0
1;30000;KELP;2033;29;;;;;2036;25;;;;;2034.5;149.2109375
1;30000;SQUID_INK;1854;29;;;;;1857;25;;;;;1855.5;185.75
1;30100;KELP;2033;21;;;;;2036;1;2037;20;;;2034.5;150.921875
1;30100;SQUID_INK;1853;21;;;;;1856;21;;;;;1854.5;114.0625
1;30100;RAINFOREST_RESIN;9996;1;9995;20;;;10004;1;10005;20;;;10000.0;539.0
1;30200;KELP;2033;30;;;;;2036;2;2037;28;;;2034.5;152.671875
1;30200;SQUID_INK;1851;30;;;;;1854;2;1855;28;;;1852.5;46.7890625
1;30200;RAINFOREST_RESIN;9996;2;9995;28;;;9998;1;10002;8;10004;2;9997.0;539.0
1;30300;SQUID_INK;1851;31;;;;;1853;1;1854;31;;;1852.0;31.3984375
1;30300;RAINFOREST_RESIN;10002;4;9996;2;9995;29;10004;2;10005;29;;;10003.0;541.0
1;30300;KELP;2033;31;;;;;2035;1;2036;2;2037;29;2034.0;152.328125
1;30400;RAINFOREST_RESIN;9995;30;;;;;10005;30;;;;;10000.0;549.0
1;30400;KELP;2035;2;2033;30;;;2037;30;;;;;2036.0;154.0546875
1;30400;SQUID_INK;1852;2;1850;30;;;1853;30;;;;;1852.5;-11.1171875
1;30500;KELP;2034;5;2033;30;;;2037;30;;;;;2035.5;154.03125
1;30500;SQUID_INK;1852;35;;;;;1855;30;;;;;1853.5;66.4921875
1;30500;RAINFOREST_RESIN;9996;2;9995;28;;;10004;2;10005;28;;;10000.0;549.0
1;30600;KELP;2033;32;;;;;2035;7;2036;2;2037;30;2034.0;153.8359375
1;30600;SQUID_INK;1851;2;1850;30;;;1852;7;1854;32;;;1851.5;1.3828125
1;30600;RAINFOREST_RESIN;10002;1;9996;2;9995;30;10004;2;10005;30;;;10003.0;549.0
1;30700;SQUID_INK;1851;2;1850;27;;;1854;29;;;;;1852.5;5.0
1;30700;RAINFOREST_RESIN;9996;2;9995;27;;;10004;2;10005;27;;;10000.0;563.0
1;30700;KELP;2033;29;;;;;2037;29;;;;;2035.0;154.90625
1;30800;RAINFOREST_RESIN;9998;8;9996;2;9995;29;10004;2;10005;29;;;10001.0;563.0
1;30800;KELP;2033;31;;;;;2036;2;2037;29;;;2034.5;153.859375
1;30800;SQUID_INK;1849;31;;;;;1852;31;;;;;1850.5;-69.8125
1;30900;KELP;2033;21;;;;;2035;7;2036;21;;;2034.0;148.6171875
1;30900;RAINFOREST_RESIN;9995;21;;;;;10005;21;;;;;10000.0;563.0
1;30900;SQUID_INK;1850;21;;;;;1852;7;1853;21;;;1851.0;-31.84375
1;31000;KELP;2035;6;2033;28;;;2036;28;;;;;2035.5;149.3046875
1;31000;SQUID_INK;1851;6;1849;28;;;1852;2;1853;26;;;1851.5;-54.9375
1;31000;RAINFOREST_RESIN;9996;2;9995;26;;;10002;2;10004;2;10005;26;9999.0;563.0
1;31100;RAINFOREST_RESIN;10002;1;9995;23;;;10005;23;;;;;10003.5;564.0
1;31100;SQUID_INK;1850;14;;;;;1853;23;;;;;1851.5;-43.3359375
1;31100;KELP;2033;23;;;;;2034;9;2037;23;;;2033.5;155.75390625
1;31200;RAINFOREST_RESIN;9996;1;9995;21;;;10002;6;10004;1;10005;21;9999.0;566.0
1;31200;KELP;2033;21;;;;;2035;8;2037;22;;;2034.0;173.4921875
1;31200;SQUID_INK;1850;21;;;;;1852;8;1853;22;;;1851.0;-24.2578125
1;31300;KELP;2034;2;2033;20;;;2037;22;;;;;2035.5;172.40625
1;31300;RAINFOREST_RESIN;9996;2;9995;20;;;10004;2;10005;20;;;10000.0;578.0
1;31300;SQUID_INK;1851;2;1850;20;;;1854;22;;;;;1852.5;2.0546875
1;31400;KELP;2033;22;;;;;2037;22;;;;;2035.0;171.5859375
1;31400;SQUID_INK;1851;22;;;;;1855;22;;;;;1853.0;47.796875
1;31400;RAINFOREST_RESIN;9995;22;;;;;10005;22;;;;;10000.0;578.0
1;31500;RAINFOREST_RESIN;9996;1;9995;21;;;10004;1;10005;21;;;10000.0;578.0
1;31500;SQUID_INK;1852;22;;;;;1855;22;;;;;1853.5;85.96875
1;31500;KELP;2034;1;2033;21;;;2037;22;;;;;2035.5;174.234375
1;31600;RAINFOREST_RESIN;9995;24;;;;;9998;3;10005;24;;;9996.5;578.0
1;31600;KELP;2033;24;;;;;2037;24;;;;;2035.0;174.6015625
1;31600;SQUID_INK;1851;24;;;;;1854;24;;;;;1852.5;20.1484375
1;31700;KELP;2033;29;;;;;2037;29;;;;;2035.0;172.4296875
1;31700;RAINFOREST_RESIN;9995;29;;;;;10002;3;10005;29;;;9998.5;584.0
1;31700;SQUID_INK;1852;29;;;;;1856;29;;;;;1854.0;98.9375
1;31800;KELP;2035;2;2033;24;;;2037;24;;;;;2036.0;170.578125
1;31800;SQUID_INK;1850;2;1849;24;;;1852;24;;;;;1851.0;-79.3984375
1;31800;RAINFOREST_RESIN;9996;2;9995;22;;;10002;2;10004;2;10005;22;9999.0;596.0
1;31900;RAINFOREST_RESIN;9996;2;9995;26;;;10004;2;10005;26;;;10000.0;596.0
1;31900;SQUID_INK;1848;8;1847;26;;;1851;28;;;;;1849.5;-147.109375
1;31900;KELP;2034;6;2033;28;;;2037;28;;;;;2035.5;168.421875
1;32000;RAINFOREST_RESIN;9996;2;9995;20;;;10002;10;10004;2;10005;20;9999.0;596.0
1;32000;SQUID_INK;1847;22;;;;;1850;22;;;;;1848.5;-179.1953125
1;32000;KELP;2033;22;;;;;2037;22;;;;;2035.0;164.375
1;32100;KELP;2033;25;;;;;2037;25;;;;;2035.0;159.71875
1;32100;RAINFOREST_RESIN;9998;9;9995;25;;;10005;25;;;;;10001.5;596.0
1;32100;SQUID_INK;1848;25;;;;;1851;25;;;;;1849.5;-143.90625
1;32200;SQUID_INK;1846;25;;;;;1849;25;;;;;1847.5;-217.84375
1;32200;KELP;2033;25;;;;;2036;1;2037;24;;;2034.5;164.015625
1;32200;RAINFOREST_RESIN;9996;1;9995;24;;;10002;5;10004;1;10005;24;9999.0;598.0
1;32300;RAINFOREST_RESIN;10000;3;9996;2;9995;30;10004;2;10005;30;;;10002.0;598.0
1;32300;SQUID_INK;1847;3;1846;32;;;1849;32;;;;;1848.0;-213.9296875
1;32300;KELP;2034;3;2033;32;;;2037;32;;;;;2035.5;166.71875
1;32400;RAINFOREST_RESIN;9998;2;9995;29;;;10005;29;;;;;10001.5;598.0
1;32400;SQUID_INK;1846;29;;;;;1849;29;;;;;1847.5;-226.6484375
1;32400;KELP;2033;29;;;;;2037;29;;;;;2035.0;169.03125
1;32500;KELP;2034;3;2033;24;;;2037;26;;;;;2035.5;174.046875
1;32500;RAINFOREST_RESIN;10002;1;9996;2;9995;24;10004;2;10005;24;;;10003.0;598.0
1;32500;SQUID_INK;1846;1;1845;26;;;1848;2;1849;24;;;1847.0;-254.3359375
1;32600;SQUID_INK;1843;28;;;;;1846;28;;;;;1844.5;-391.8828125
1;32600;KELP;2034;2;2033;26;;;2037;28;;;;;2035.5;182.13671875
1;32600;RAINFOREST_RESIN;9998;1;9996;2;9995;26;10004;2;10005;26;;;10001.0;600.0
1;32700;RAINFOREST_RESIN;9996;2;9995;30;;;10004;2;10005;30;;;10000.0;600.0
1;32700;SQUID_INK;1839;32;;;;;1842;32;;;;;1840.5;-591.6484375
1;32700;KELP;2034;32;;;;;2037;32;;;;;2035.5;184.58203125
1;32800;RAINFOREST_RESIN;9995;29;;;;;10005;29;;;;;10000.0;600.0
1;32800;SQUID_INK;1838;29;;;;;1841;29;;;;;1839.5;-641.3125
1;32800;KELP;2034;29;;;;;2037;29;;;;;2035.5;185.16015625
1;32900;KELP;2034;21;;;;;2037;21;;;;;2035.5;184.58203125
1;32900;RAINFOREST_RESIN;9996;1;9995;20;;;10002;10;10004;1;10005;20;9999.0;600.0
1;32900;SQUID_INK;1834;21;;;;;1837;21;;;;;1835.5;-819.5625
1;33000;SQUID_INK;1837;28;;;;;1839;4;1840;28;;;1838.0;-680.8203125
1;33000;KELP;2034;28;;;;;2036;4;2037;28;;;2035.0;185.140625
1;33000;RAINFOREST_RESIN;9998;2;9995;28;;;10005;28;;;;;10001.5;600.0
1;33100;RAINFOREST_RESIN;9996;1;9995;25;;;10004;1;10005;25;;;10000.0;600.0
1;33100;SQUID_INK;1836;26;;;;;1839;26;;;;;1837.5;-744.0859375
1;33100;KELP;2034;1;2033;25;;;2037;26;;;;;2035.5;183.05859375
1;33200;RAINFOREST_RESIN;9996;1;9995;23;;;10004;1;10005;23;;;10000.0;600.0
1;33200;SQUID_INK;1835;24;;;;;1837;5;1838;24;;;1836.0;-774.2109375
1;33200;KELP;2034;1;2033;23;;;2035;5;2037;24;;;2034.5;181.578125
1;33300;KELP;2034;31;;;;;2037;31;;;;;2035.5;184.5234375
1;33300;RAINFOREST_RESIN;9996;1;9995;30;;;10002;1;10004;1;10005;30;9999.0;600.0
1;33300;SQUID_INK;1833;31;;;;;1836;31;;;;;1834.5;-877.6875
1;33400;SQUID_INK;1833;20;;;;;1835;2;1836;20;;;1834.0;-863.5
1;33400;KELP;2034;20;;;;;2036;2;2037;20;;;2035.0;184.81640625
1;33400;RAINFOREST_RESIN;9995;20;;;;;10005;20;;;;;10000.0;600.0
1;33500;RAINFOREST_RESIN;9996;2;9995;21;;;10002;4;10004;2;10005;21;9999.0;600.0
1;33500;SQUID_INK;1840;23;;;;;1843;23;;;;;1841.5;-526.4140625
1;33500;KELP;2034;2;2033;21;;;2037;23;;;;;2035.5;183.9453125
1;33600;RAINFOREST_RESIN;9995;27;;;;;9998;2;10005;27;;;9996.5;600.0
1;33600;SQUID_INK;1843;27;;;;;1846;27;;;;;1844.5;-384.03125
1;33600;KELP;2033;27;;;;;2037;27;;;;;2035.0;183.9453125
1;33700;KELP;2034;1;2033;25;;;2036;6;2037;26;;;2035.0;183.94921875
1;33700;RAINFOREST_RESIN;9996;1;9995;25;;;10004;1;10005;25;;;10000.0;604.0
1;33700;SQUID_INK;1842;26;;;;;1844;6;1845;26;;;1843.0;-407.34375
1;33800;SQUID_INK;1845;21;;;;;1848;21;;;;;1846.5;-264.671875
1;33800;KELP;2033;21;;;;;2037;21;;;;;2035.0;183.94921875
1;33800;RAINFOREST_RESIN;9995;21;;;;;10002;4;10005;21;;;9998.5;604.0
1;33900;RAINFOREST_RESIN;9996;1;9995;27;;;10004;1;10005;27;;;10000.0;604.0
1;33900;SQUID_INK;1845;28;;;;;1848;28;;;;;1846.5;-272.2265625
1;33900;KELP;2034;28;;;;;2037;28;;;;;2035.5;186.0234375
1;34000;RAINFOREST_RESIN;9996;2;9995;28;;;10004;2;10005;28;;;10000.0;640.0
1;34000;SQUID_INK;1848;1;1846;30;;;1849;30;;;;;1848.5;-232.2578125
1;34000;KELP;2036;1;2034;2;2033;28;2037;30;;;;;2036.5;184.2890625
1;34100;KELP;2034;27;;;;;2037;27;;;;;2035.5;185.34765625
1;34100;RAINFOREST_RESIN;9996;2;9995;25;;;10004;2;10005;25;;;10000.0;640.0
1;34100;SQUID_INK;1845;27;;;;;1848;2;1849;25;;;1846.5;-254.9765625
1;34200;SQUID_INK;1847;32;;;;;1850;32;;;;;1848.5;-188.859375
1;34200;KELP;2034;2;2033;30;;;2037;32;;;;;2035.5;184.4921875
1;34200;RAINFOREST_RESIN;9996;2;9995;30;;;10002;2;10004;2;10005;30;9999.0;640.0
1;34300;RAINFOREST_RESIN;9996;1;9995;28;;;10004;1;10005;28;;;10000.0;640.0
1;34300;SQUID_INK;1846;28;;;;;1849;29;;;;;1847.5;-209.3515625
1;34300;KELP;2034;28;;;;;2037;29;;;;;2035.5;185.64453125
1;34400;RAINFOREST_RESIN;9996;2;9995;28;;;10004;2;10005;28;;;10000.0;640.0
1;34400;SQUID_INK;1846;30;;;;;1849;30;;;;;1847.5;-208.1640625
1;34400;KELP;2034;2;2033;28;;;2037;30;;;;;2035.5;185.0859375
1;34500;KELP;2034;24;;;;;2037;24;;;;;2035.5;185.36328125
1;34500;RAINFOREST_RESIN;9996;2;9995;22;;;10004;2;10005;22;;;10000.0;640.0
1;34500;SQUID_INK;1844;24;;;;;1847;24;;;;;1845.5;-306.875
1;34600;SQUID_INK;1846;24;;;;;1849;24;;;;;1847.5;-235.3359375
1;34600;KELP;2034;24;;;;;2037;24;;;;;2035.5;187.31640625
1;34600;RAINFOREST_RESIN;9995;24;;;;;10005;24;;;;;10000.0;640.0
1;34700;SQUID_INK;1847;32;;;;;1850;25;;;;;1848.5;-175.140625
1;34700;KELP;2034;32;;;;;2037;25;;;;;2035.5;196.87109375
1;34700;RAINFOREST_RESIN;9996;2;9995;23;;;10004;2;10005;23;;;10000.0;640.0
1;34800;SQUID_INK;1846;14;;;;;1849;24;;;;;1847.5;-219.15625
1;34800;RAINFOREST_RESIN;9998;3;9996;2;9995;22;10004;2;10005;22;;;10001.0;640.0
1;34800;KELP;2034;14;;;;;2037;24;;;;;2035.5;198.15234375
1;34900;KELP;2034;24;;;;;2037;24;;;;;2035.5;199.298828125
1;34900;RAINFOREST_RESIN;9995;24;;;;;10005;24;;;;;10000.0;640.0
1;34900;SQUID_INK;1844;24;;;;;1848;24;;;;;1846.0;-303.546875
1;35000;SQUID_INK;1844;29;;;;;1847;29;;;;;1845.5;-318.78125
1;35000;RAINFOREST_RESIN;9995;29;;;;;10005;29;;;;;10000.0;640.0
1;35000;KELP;2034;29;;;;;2037;29;;;;;2035.5;201.51171875
1;35100;SQUID_INK;1844;23;;;;;1847;23;;;;;1845.5;-339.3671875
1;35100;KELP;2034;23;;;;;2037;23;;;;;2035.5;201.6484375
1;35100;RAINFOREST_RESIN;9996;2;9995;21;;;10004;2;10005;21;;;10000.0;640.0
1;35200;SQUID_INK;1844;24;;;;;1846;3;1847;24;;;1845.0;-315.5078125
1;35200;RAINFOREST_RESIN;9995;24;;;;;10005;24;;;;;10000.0;640.0
1;35200;KELP;2034;24;;;;;2036;3;2037;24;;;2035.0;202.4765625
1;35300;KELP;2034;31;;;;;2037;23;;;;;2035.5;203.234375
1;35300;SQUID_INK;1845;31;;;;;1848;23;;;;;1846.5;-281.8046875
1;35300;RAINFOREST_RESIN;9998;8;9996;1;9995;22;10004;1;10005;22;;;10001.0;640.0
1;35400;RAINFOREST_RESIN;10002;1;9996;2;9995;25;10004;2;10005;25;;;10003.0;640.0
1;35400;KELP;2034;27;;;;;2037;2;2038;25;;;2035.5;204.06640625
1;35400;SQUID_INK;1844;27;;;;;1847;27;;;;;1845.5;-327.1875
1;35500;KELP;2034;29;;;;;2037;29;;;;;2035.5;202.634765625
1;35500;SQUID_INK;1845;29;;;;;1848;29;;;;;1846.5;-272.828125
1;35500;RAINFOREST_RESIN;9996;2;9995;27;;;10004;2;10005;27;;;10000.0;648.0
1;35600;SQUID_INK;1844;24;;;;;1847;24;;;;;1845.5;-316.7109375
1;35600;RAINFOREST_RESIN;9996;1;9995;23;;;10002;3;10004;1;10005;23;9999.0;648.0
1;35600;KELP;2034;24;;;;;2037;24;;;;;2035.5;197.8203125
1;35700;KELP;2034;2;2033;29;;;2037;31;;;;;2035.5;195.53515625
1;35700;SQUID_INK;1842;31;;;;;1845;31;;;;;1843.5;-415.15625
1;35700;RAINFOREST_RESIN;9996;2;9995;29;;;10002;9;10004;2;10005;29;9999.0;648.0
1;35800;RAINFOREST_RESIN;9996;2;9995;21;;;10004;2;10005;21;;;10000.0;648.0
1;35800;KELP;2034;29;;;;;2037;23;;;;;2035.5;205.0263671875
1;35800;SQUID_INK;1843;29;;;;;1846;23;;;;;1844.5;-368.7109375
1;35900;KELP;2034;30;;;;;2037;30;;;;;2035.5;205.1484375
1;35900;SQUID_INK;1839;30;;;;;1842;2;1843;28;;;1840.5;-550.796875
1;35900;RAINFOREST_RESIN;9996;2;9995;28;;;10004;2;10005;28;;;10000.0;648.0
1;36000;SQUID_INK;1841;30;;;;;1842;2;1843;2;1844;30;1841.5;-458.9140625
1;36000;RAINFOREST_RESIN;9995;30;;;;;10000;2;10002;9;10005;30;9997.5;648.0
1;36000;KELP;2034;30;;;;;2035;2;2036;2;2037;30;2034.5;205.1181640625
1;36100;KELP;2034;23;;;;;2036;6;2037;23;;;2035.0;206.4755859375
1;36100;SQUID_INK;1841;23;;;;;1843;6;1844;23;;;1842.0;-482.671875
1;36100;RAINFOREST_RESIN;9998;7;9996;2;9995;21;10004;2;10005;21;;;10001.0;648.0
1;36200;RAINFOREST_RESIN;9998;5;9996;1;9995;29;10004;1;10005;29;;;10001.0;648.0
1;36200;KELP;2034;30;;;;;2037;30;;;;;2035.5;205.6103515625
1;36200;SQUID_INK;1842;30;;;;;1845;30;;;;;1843.5;-415.5
1;36300;SQUID_INK;1843;31;;;;;1846;31;;;;;1844.5;-385.7265625
1;36300;KELP;2034;31;;;;;2037;31;;;;;2035.5;206.4208984375
1;36300;RAINFOREST_RESIN;9996;1;9995;30;;;10004;1;10005;30;;;10000.0;648.0
1;36400;SQUID_INK;1842;30;;;;;1845;29;;;;;1843.5;-418.7890625
1;36400;RAINFOREST_RESIN;9996;1;9995;28;;;10002;8;10004;1;10005;28;9999.0;648.0
1;36400;KELP;2034;30;;;;;2037;29;;;;;2035.5;206.9248046875
1;36500;SQUID_INK;1843;28;;;;;1846;29;;;;;1844.5;-359.2109375
1;36500;KELP;2034;28;;;;;2037;29;;;;;2035.5;206.9736328125
1;36500;RAINFOREST_RESIN;9996;2;9995;27;;;10004;2;10005;27;;;10000.0;648.0
1;36600;RAINFOREST_RESIN;9996;1;9995;30;;;10000;2;10004;1;10005;30;9998.0;648.0
1;36600;KELP;2034;31;;;;;2035;2;2037;31;;;2034.5;206.8798828125
1;36600;SQUID_INK;1841;31;;;;;1842;2;1844;31;;;1841.5;-457.1796875
1;36700;SQUID_INK;1842;22;;;;;1845;22;;;;;1843.5;-420.9140625
1;36700;KELP;2034;22;;;;;2037;22;;;;;2035.5;208.037109375
1;36700;RAINFOREST_RESIN;10002;1;9996;1;9995;21;10004;1;10005;21;;;10003.0;648.0
1;36800;SQUID_INK;1844;2;1843;23;;;1847;25;;;;;1845.5;-345.453125
1;36800;RAINFOREST_RESIN;9996;2;9995;23;;;10004;2;10005;23;;;10000.0;650.0
1;36800;KELP;2034;25;;;;;2037;25;;;;;2035.5;207.96484375
1;36900;SQUID_INK;1845;22;;;;;1848;22;;;;;1846.5;-275.6796875
1;36900;KELP;2034;22;;;;;2037;22;;;;;2035.5;207.892578125
1;36900;RAINFOREST_RESIN;9998;6;9995;22;;;10005;22;;;;;10001.5;650.0
1;37000;RAINFOREST_RESIN;9996;2;9995;20;;;10004;2;10005;20;;;10000.0;650.0
1;37000;KELP;2034;22;;;;;2037;22;;;;;2035.5;207.9609375
1;37000;SQUID_INK;1844;22;;;;;1847;22;;;;;1845.5;-339.8828125
1;37100;SQUID_INK;1845;5;1844;24;;;1847;24;;;;;1846.0;-342.0234375
1;37100;KELP;2035;5;2034;24;;;2037;24;;;;;2036.0;207.7421875
1;37100;RAINFOREST_RESIN;10000;5;9995;24;;;10005;24;;;;;10002.5;650.0
1;37200;SQUID_INK;1844;29;;;;;1847;29;;;;;1845.5;-339.0234375
1;37200;RAINFOREST_RESIN;9996;2;9995;27;;;10004;2;10005;27;;;10000.0;650.0
1;37200;KELP;2034;29;;;;;2037;29;;;;;2035.5;211.9716796875
1;37300;SQUID_INK;1840;23;;;;;1842;4;1843;23;;;1841.0;-512.90625
1;37300;KELP;2034;23;;;;;2036;4;2037;23;;;2035.0;211.931884765625
1;37300;RAINFOREST_RESIN;9996;1;9995;22;;;10004;1;10005;22;;;10000.0;650.0
1;37400;RAINFOREST_RESIN;9995;22;;;;;10005;22;;;;;10000.0;659.0
1;37400;KELP;2034;26;;;;;2037;22;;;;;2035.5;211.910888671875
1;37400;SQUID_INK;1842;26;;;;;1845;22;;;;;1843.5;-437.171875
1;37500;KELP;2035;5;2034;31;;;2037;31;;;;;2036.0;212.073974609375
1;37500;SQUID_INK;1844;5;1843;31;;;1846;31;;;;;1845.0;-373.6796875
1;37500;RAINFOREST_RESIN;10000;5;9996;1;9995;30;10004;1;10005;30;;;10002.0;659.0
1;37600;KELP;2034;25;;;;;2036;5;2037;25;;;2035.0;212.114501953125
1;37600;SQUID_INK;1845;25;;;;;1847;5;1848;25;;;1846.0;-266.390625
1;37600;RAINFOREST_RESIN;9996;1;9995;24;;;10004;1;10005;24;;;10000.0;659.0
1;37700;SQUID_INK;1844;20;;;;;1847;20;;;;;1845.5;-306.0703125
1;37700;RAINFOREST_RESIN;10002;1;9995;20;;;10005;20;;;;;10003.5;689.0
1;37700;KELP;2034;20;;;;;2037;20;;;;;2035.5;216.2412109375
1;37800;RAINFOREST_RESIN;9996;2;9995;23;;;10004;2;10005;23;;;10000.0;691.0
1;37800;KELP;2034;25;;;;;2037;25;;;;;2035.5;216.03125
1;37800;SQUID_INK;1848;25;;;;;1851;25;;;;;1849.5;-142.4375
1;37900;KELP;2034;29;;;;;2037;29;;;;;2035.5;217.265625
1;37900;SQUID_INK;1848;29;;;;;1851;29;;;;;1849.5;-130.9140625
1;37900;RAINFOREST_RESIN;9996;2;9995;27;;;10004;2;10005;27;;;10000.0;697.0
1;38000;KELP;2034;30;;;;;2037;30;;;;;2035.5;217.673828125
1;38000;SQUID_INK;1848;30;;;;;1852;30;;;;;1850.0;-104.53125
1;38000;RAINFOREST_RESIN;9998;3;9995;30;;;10005;30;;;;;10001.5;697.0
1;38100;SQUID_INK;1848;29;;;;;1850;4;1851;29;;;1849.0;-125.2109375
1;38100;RAINFOREST_RESIN;9998;4;9996;1;9995;28;10004;1;10005;28;;;10001.0;697.0
1;38100;KELP;2034;29;;;;;2036;4;2037;29;;;2035.0;217.5703125
1;38200;RAINFOREST_RESIN;9998;4;9996;2;9995;29;10004;2;10005;29;;;10001.0;697.0
1;38200;KELP;2034;31;;;;;2037;31;;;;;2035.5;217.46875
1;38200;SQUID_INK;1848;31;;;;;1851;31;;;;;1849.5;-141.7734375
1;38300;KELP;2034;27;;;;;2037;22;;;;;2035.5;217.6796875
1;38300;SQUID_INK;1849;27;;;;;1852;22;;;;;1850.5;-66.5625
1;38300;RAINFOREST_RESIN;9995;22;;;;;10005;22;;;;;10000.0;697.0
1;38400;KELP;2034;27;;;;;2037;31;;;;;2035.5;217.8828125
1;38400;SQUID_INK;1849;29;;;;;1850;2;1853;31;;;1849.5;-45.2109375
1;38400;RAINFOREST_RESIN;9996;2;9995;29;;;10004;2;10005;29;;;10000.0;697.0
1;38500;SQUID_INK;1850;24;;;;;1853;24;;;;;1851.5;-24.265625
1;38500;RAINFOREST_RESIN;9996;2;9995;22;;;10004;2;10005;22;;;10000.0;697.0
1;38500;KELP;2034;24;;;;;2037;24;;;;;2035.5;218.1875
1;38600;RAINFOREST_RESIN;10002;1;9996;2;9995;29;10004;2;10005;29;;;10003.0;697.0
1;38600;KELP;2034;31;;;;;2037;31;;;;;2035.5;217.7646484375
1;38600;SQUID_INK;1850;31;;;;;1853;31;;;;;1851.5;-21.328125
1;38700;KELP;2034;21;;;;;2037;22;;;;;2035.5;218.1171875
1;38700;SQUID_INK;1850;21;;;;;1853;22;;;;;1851.5;-14.390625
1;38700;RAINFOREST_RESIN;9996;2;9995;20;;;10004;2;10005;20;;;10000.0;699.0
1;38800;KELP;2034;27;;;;;2036;2;2037;27;;;2035.0;218.32421875
1;38800;SQUID_INK;1850;27;;;;;1852;2;1853;27;;;1851.0;-10.421875
1;38800;RAINFOREST_RESIN;9996;2;9995;25;;;10004;2;10005;25;;;10000.0;723.0
1;38900;SQUID_INK;1851;25;;;;;1854;25;;;;;1852.5;26.0703125
1;38900;RAINFOREST_RESIN;9996;2;9995;23;;;10004;2;10005;23;;;10000.0;723.0
1;38900;KELP;2034;25;;;;;2037;25;;;;;2035.5;217.9189453125
1;39000;RAINFOREST_RESIN;9996;1;9995;23;;;10000;3;10004;1;10005;23;9998.0;723.0
1;39000;KELP;2034;24;;;;;2035;3;2036;6;2037;24;2034.5;218.8671875
1;39000;SQUID_INK;1852;1;1851;23;;;1853;9;1855;24;;;1852.5;52.359375
1;39100;KELP;2034;38;;;;;2037;30;;;;;2035.5;220.94921875
1;39100;SQUID_INK;1850;38;;;;;1853;30;;;;;1851.5;-26.4765625
1;39100;RAINFOREST_RESIN;9996;2;9995;28;;;9998;3;10004;2;10005;28;9997.0;723.0
1;39200;KELP;2034;26;;;;;2035;4;2037;21;;;2034.5;220.919921875
1;39200;SQUID_INK;1849;26;;;;;1850;4;1852;21;;;1849.5;-82.359375
1;39200;RAINFOREST_RESIN;9995;21;;;;;10000;4;10005;21;;;9997.5;732.0
1;39300;SQUID_INK;1849;24;;;;;1853;24;;;;;1851.0;-46.1796875
1;39300;RAINFOREST_RESIN;9995;24;;;;;10005;24;;;;;10000.0;740.0
1;39300;KELP;2034;24;;;;;2037;24;;;;;2035.5;225.470703125
1;39400;RAINFOREST_RESIN;9995;21;;;;;10005;21;;;;;10000.0;740.0
1;39400;KELP;2034;21;;;;;2038;21;;;;;2036.0;226.6640625
1;39400;SQUID_INK;1848;21;;;;;1851;21;;;;;1849.5;-136.2734375
1;39500;KELP;2034;29;;;;;2036;3;2037;29;;;2035.0;225.357421875
1;39500;SQUID_INK;1847;29;;;;;1849;3;1851;29;;;1848.0;-146.25
1;39500;RAINFOREST_RESIN;9995;29;;;;;10005;29;;;;;10000.0;740.0
1;39600;SQUID_INK;1849;31;;;;;1852;31;;;;;1850.5;-60.7421875
1;39600;KELP;2034;31;;;;;2037;31;;;;;2035.5;225.630859375
1;39600;RAINFOREST_RESIN;9996;1;9995;30;;;10004;1;10005;30;;;10000.0;740.0
1;39700;RAINFOREST_RESIN;9996;1;9995;29;;;10000;6;10004;1;10005;29;9998.0;740.0
1;39700;SQUID_INK;1849;29;;;;;1850;6;1852;30;;;1849.5;-64.6171875
1;39700;KELP;2034;29;;;;;2035;6;2037;30;;;2034.5;225.630859375
1;39800;RAINFOREST_RESIN;9996;2;9995;22;;;9998;1;10004;2;10005;22;9997.0;740.0
1;39800;KELP;2034;24;;;;;2037;24;;;;;2035.5;228.33203125
1;39800;SQUID_INK;1849;24;;;;;1852;24;;;;;1850.5;-78.671875
1;39900;KELP;2034;29;;;;;2036;7;2037;29;;;2035.0;226.21875
1;39900;RAINFOREST_RESIN;9998;10;9996;1;9995;28;10004;1;10005;28;;;10001.0;742.0
1;39900;SQUID_INK;1849;29;;;;;1851;7;1853;29;;;1850.0;-49.1484375
1;40000;KELP;2034;26;;;;;2037;26;;;;;2035.5;224.4921875
1;40000;SQUID_INK;1849;26;;;;;1852;26;;;;;1850.5;-83.8203125
1;40000;RAINFOREST_RESIN;10002;11;9996;1;9995;25;10004;1;10005;25;;;10003.0;742.0
1;40100;RAINFOREST_RESIN;9995;30;;;;;10005;30;;;;;10000.0;764.0
1;40100;SQUID_INK;1851;30;;;;;1853;4;1854;30;;;1852.0;29.671875
1;40100;KELP;2034;30;;;;;2036;4;2037;30;;;2035.0;237.078125
1;40200;RAINFOREST_RESIN;9996;1;9995;24;;;10002;7;10004;1;10005;24;9999.0;764.0
1;40200;KELP;2034;25;;;;;2037;25;;;;;2035.5;240.7578125
1;40200;SQUID_INK;1851;25;;;;;1854;25;;;;;1852.5;43.8203125
1;40300;KELP;2034;30;;;;;2037;30;;;;;2035.5;239.5
1;40300;RAINFOREST_RESIN;10002;4;9996;1;9995;29;10004;1;10005;29;;;10003.0;764.0
1;40300;SQUID_INK;1851;30;;;;;1854;30;;;;;1852.5;16.5
1;40400;KELP;2034;25;;;;;2037;25;;;;;2035.5;237.1796875
1;40400;SQUID_INK;1852;25;;;;;1855;25;;;;;1853.5;56.171875
1;40400;RAINFOREST_RESIN;9996;2;9995;23;;;10004;2;10005;23;;;10000.0;772.0
1;40500;RAINFOREST_RESIN;9996;1;9995;21;;;10004;1;10005;21;;;10000.0;772.0
1;40500;SQUID_INK;1851;22;;;;;1854;22;;;;;1852.5;8.6796875
1;40500;KELP;2034;22;;;;;2037;22;;;;;2035.5;237.1953125
1;40600;RAINFOREST_RESIN;10002;1;9995;28;;;10005;28;;;;;10003.5;772.0
1;40600;KELP;2034;28;;;;;2037;28;;;;;2035.5;242.7265625
1;40600;SQUID_INK;1851;28;;;;;1854;28;;;;;1852.5;8.7578125
1;40700;KELP;2036;1;2034;36;;;2037;30;;;;;2036.5;242.599609375
1;40700;RAINFOREST_RESIN;9998;10;9996;1;9995;29;10004;1;10005;29;;;10001.0;774.0
1;40700;SQUID_INK;1854;1;1853;6;1852;30;1856;30;;;;;1855.0;99.2890625
1;40800;SQUID_INK;1852;21;;;;;1855;21;;;;;1853.5;73.2109375
1;40800;KELP;2034;21;;;;;2037;21;;;;;2035.5;243.576171875
1;40800;RAINFOREST_RESIN;9995;21;;;;;10005;21;;;;;10000.0;774.0
1;40900;RAINFOREST_RESIN;9998;2;9995;25;;;10005;25;;;;;10001.5;774.0
1;40900;SQUID_INK;1852;3;1851;25;;;1855;25;;;;;1853.5;53.921875
1;40900;KELP;2034;28;;;;;2037;25;;;;;2035.5;242.130859375
1;41000;RAINFOREST_RESIN;9998;10;9996;1;9995;20;10000;2;10004;1;10005;20;9999.0;774.0
1;41000;SQUID_INK;1852;21;;;;;1853;2;1854;7;1855;21;1852.5;72.2890625
1;41000;KELP;2034;1;2033;20;;;2035;2;2036;7;2037;21;2034.5;238.69140625
1;41100;KELP;2034;25;;;;;2037;25;;;;;2035.5;240.666015625
1;41100;RAINFOREST_RESIN;9996;2;9995;23;;;10004;2;10005;23;;;10000.0;774.0
1;41100;SQUID_INK;1851;25;;;;;1854;25;;;;;1852.5;33.46875
1;41200;SQUID_INK;1852;20;;;;;1855;20;;;;;1853.5;65.9921875
1;41200;KELP;2034;20;;;;;2037;20;;;;;2035.5;240.65625
1;41200;RAINFOREST_RESIN;9995;20;;;;;10005;20;;;;;10000.0;774.0
1;41300;RAINFOREST_RESIN;9995;27;;;;;10005;27;;;;;10000.0;774.0
1;41300;SQUID_INK;1856;35;;;;;1859;27;;;;;1857.5;269.8359375
1;41300;KELP;2034;35;;;;;2037;27;;;;;2035.5;239.849609375
1;41400;RAINFOREST_RESIN;9996;1;9995;29;;;10004;1;10005;29;;;10000.0;774.0
1;41400;SQUID_INK;1855;30;;;;;1858;30;;;;;1856.5;211.8984375
1;41400;KELP;2034;30;;;;;2037;30;;;;;2035.5;239.326171875
1;41500;KELP;2034;38;;;;;2037;31;;;;;2035.5;239.591796875
1;41500;RAINFOREST_RESIN;9996;2;9995;29;;;10004;2;10005;29;;;10000.0;774.0
1;41500;SQUID_INK;1854;38;;;;;1857;31;;;;;1855.5;163.7421875
1;41600;SQUID_INK;1853;26;;;;;1856;26;;;;;1854.5;140.390625
1;41600;KELP;2034;26;;;;;2037;26;;;;;2035.5;240.123046875
1;41600;RAINFOREST_RESIN;9995;26;;;;;10005;26;;;;;10000.0;774.0
1;41700;RAINFOREST_RESIN;9995;23;;;;;10005;23;;;;;10000.0;774.0
1;41700;SQUID_INK;1859;2;1857;23;;;1860;23;;;;;1859.5;341.6953125
1;41700;KELP;2036;2;2034;23;;;2038;23;;;;;2037.0;246.97265625
1;41800;RAINFOREST_RESIN;9996;1;9995;21;;;10004;1;10005;21;;;10000.0;774.0
1;41800;SQUID_INK;1857;21;;;;;1860;22;;;;;1858.5;321.109375
1;41800;KELP;2034;21;;;;;2037;1;2038;21;;;2035.5;247.224609375
1;41900;KELP;2034;28;;;;;2038;28;;;;;2036.0;248.259765625
1;41900;RAINFOREST_RESIN;9995;28;;;;;10002;8;10005;28;;;9998.5;774.0
1;41900;SQUID_INK;1855;28;;;;;1859;28;;;;;1857.0;251.390625
1;42000;SQUID_INK;1857;28;;;;;1860;28;;;;;1858.5;312.375
1;42000;KELP;2034;28;;;;;2037;1;2038;27;;;2035.5;246.826171875
1;42000;RAINFOREST_RESIN;9996;1;9995;27;;;9998;1;10004;1;10005;27;9997.0;774.0
1;42100;RAINFOREST_RESIN;10002;2;9995;22;;;10005;22;;;;;10003.5;776.0
1;42100;SQUID_INK;1857;29;;;;;1860;22;;;;;1858.5;316.2265625
1;42100;KELP;2035;7;2034;22;;;2038;22;;;;;2036.5;247.59765625
1;42200;RAINFOREST_RESIN;9995;22;;;;;10005;22;;;;;10000.0;780.0
1;42200;SQUID_INK;1858;22;;;;;1861;22;;;;;1859.5;389.15625
1;42200;KELP;2034;22;;;;;2038;22;;;;;2036.0;247.72265625
1;42300;KELP;2034;22;;;;;2038;22;;;;;2036.0;247.4609375
1;42300;RAINFOREST_RESIN;9996;2;9995;20;;;10004;2;10005;20;;;10000.0;780.0
1;42300;SQUID_INK;1860;22;;;;;1863;22;;;;;1861.5;482.1484375
1;42400;SQUID_INK;1859;28;;;;;1862;2;1863;26;;;1860.5;444.203125
1;42400;KELP;2034;28;;;;;2037;2;2038;26;;;2035.5;247.169921875
1;42400;RAINFOREST_RESIN;9996;2;9995;26;;;10002;2;10004;2;10005;26;9999.0;780.0
1;42500;RAINFOREST_RESIN;9995;24;;;;;10005;24;;;;;10000.0;783.0
1;42500;SQUID_INK;1860;24;;;;;1861;2;1863;24;;;1860.5;460.9296875
1;42500;KELP;2034;24;;;;;2036;2;2038;24;;;2035.0;247.740234375
1;42600;RAINFOREST_RESIN;9995;28;;;;;10005;28;;;;;10000.0;783.0
1;42600;SQUID_INK;1860;1;1858;28;;;1861;28;;;;;1860.5;392.0078125
1;42600;KELP;2036;1;2034;28;;;2038;28;;;;;2037.0;247.736328125
1;42700;KELP;2034;24;;;;;2037;1;2038;23;;;2035.5;247.7421875
1;42700;RAINFOREST_RESIN;9996;1;9995;23;;;10004;1;10005;23;;;10000.0;783.0
1;42700;SQUID_INK;1860;24;;;;;1863;24;;;;;1861.5;481.7734375
1;42800;SQUID_INK;1858;29;;;;;1859;2;1861;29;;;1858.5;377.625
1;42800;KELP;2034;29;;;;;2035;2;2038;29;;;2034.5;247.318359375
1;42800;RAINFOREST_RESIN;9995;29;;;;;10000;2;10005;29;;;9997.5;783.0
1;42900;RAINFOREST_RESIN;10002;5;9995;20;;;10005;20;;;;;10003.5;783.0
1;42900;SQUID_INK;1860;20;;;;;1863;20;;;;;1861.5;486.3515625
1;42900;KELP;2034;20;;;;;2038;20;;;;;2036.0;251.037109375
1;43000;RAINFOREST_RESIN;9996;1;9995;26;;;10002;6;10004;1;10005;26;9999.0;793.0
1;43000;SQUID_INK;1864;27;;;;;1867;27;;;;;1865.5;663.6875
1;43000;KELP;2034;27;;;;;2037;1;2038;26;;;2035.5;248.59765625
1;43100;KELP;2034;25;;;;;2037;1;2038;24;;;2035.5;249.880859375
1;43100;RAINFOREST_RESIN;9998;9;9996;1;9995;24;10004;1;10005;24;;;10001.0;793.0
1;43100;SQUID_INK;1865;1;1864;24;;;1868;25;;;;;1866.5;704.84375
1;43200;SQUID_INK;1863;31;;;;;1866;31;;;;;1864.5;623.90625
1;43200;KELP;2034;31;;;;;2037;2;2038;29;;;2035.5;249.71484375
1;43200;RAINFOREST_RESIN;9996;2;9995;29;;;10002;5;10004;2;10005;29;9999.0;793.0
1;43300;RAINFOREST_RESIN;9998;10;9995;20;;;10005;20;;;;;10001.5;802.0
1;43300;SQUID_INK;1864;1;1861;20;;;1865;20;;;;;1864.5;554.1953125
1;43300;KELP;2036;1;2034;20;;;2038;20;;;;;2037.0;248.74609375
1;43400;RAINFOREST_RESIN;9996;2;9995;22;;;10004;2;10005;22;;;10000.0;802.0
1;43400;SQUID_INK;1860;24;;;;;1863;24;;;;;1861.5;489.578125
1;43400;KELP;2034;24;;;;;2038;24;;;;;2036.0;250.35546875
1;43500;KELP;2035;6;2034;25;;;2038;25;;;;;2036.5;250.6953125
1;43500;RAINFOREST_RESIN;9996;1;9995;24;;;10002;7;10004;1;10005;24;9999.0;802.0
1;43500;SQUID_INK;1861;31;;;;;1864;25;;;;;1862.5;525.5546875
1;43600;SQUID_INK;1853;22;;;;;1855;1;1856;22;;;1854.0;118.84375
1;43600;RAINFOREST_RESIN;9995;22;;;;;10002;5;10005;22;;;9998.5;802.0
1;43600;KELP;2034;22;;;;;2036;1;2038;22;;;2035.0;248.607421875
1;43700;SQUID_INK;1853;30;;;;;1856;30;;;;;1854.5;139.8046875
1;43700;KELP;2034;30;;;;;2037;1;2038;29;;;2035.5;248.765625
1;43700;RAINFOREST_RESIN;9996;1;9995;29;;;10002;6;10004;1;10005;29;9999.0;802.0
1;43800;SQUID_INK;1853;1;1852;22;;;1856;23;;;;;1854.5;103.6796875
1;43800;RAINFOREST_RESIN;9996;1;9995;22;;;10004;1;10005;22;;;10000.0;802.0
1;43800;KELP;2034;23;;;;;2037;1;2038;22;;;2035.5;249.58984375
1;43900;KELP;2034;32;;;;;2037;26;;;;;2035.5;252.984375
1;43900;RAINFOREST_RESIN;9996;2;9995;24;;;10002;2;10004;2;10005;24;9999.0;802.0
1;43900;SQUID_INK;1852;32;;;;;1855;26;;;;;1853.5;81.9609375
1;44000;SQUID_INK;1852;27;;;;;1855;27;;;;;1853.5;64.9921875
1;44000;RAINFOREST_RESIN;10002;4;9998;10;9996;2;10004;2;10005;25;;;10003.0;804.0
1;44000;KELP;2034;27;;;;;2037;27;;;;;2035.5;248.572265625
1;44100;KELP;2034;24;;;;;2036;4;2037;24;;;2035.0;250.193359375
1;44100;SQUID_INK;1849;24;;;;;1851;4;1852;24;;;1850.0;-81.265625
1;44100;RAINFOREST_RESIN;9996;2;9995;22;;;10004;2;10005;22;;;10000.0;812.0
1;44200;SQUID_INK;1847;24;;;;;1850;24;;;;;1848.5;-175.9609375
1;44200;RAINFOREST_RESIN;9995;24;;;;;10005;24;;;;;10000.0;812.0
1;44200;KELP;2034;24;;;;;2037;24;;;;;2035.5;253.224609375
1;44300;KELP;2034;26;;;;;2037;26;;;;;2035.5;251.685546875
1;44300;SQUID_INK;1850;26;;;;;1853;26;;;;;1851.5;-32.5
1;44300;RAINFOREST_RESIN;9996;2;9995;24;;;9998;2;10004;2;10005;24;9997.0;812.0
1;44400;RAINFOREST_RESIN;9996;1;9995;25;;;10002;7;10004;1;10005;25;9999.0;816.0
1;44400;KELP;2034;27;;;;;2037;26;;;;;2035.5;250.669921875
1;44400;SQUID_INK;1850;1;1849;26;;;1853;26;;;;;1851.5;-49.515625
1;44500;KELP;2034;30;;;;;2037;30;;;;;2035.5;250.96875
1;44500;SQUID_INK;1849;30;;;;;1852;30;;;;;1850.5;-66.28125
1;44500;RAINFOREST_RESIN;9995;30;;;;;10005;30;;;;;10000.0;816.0
1;44600;SQUID_INK;1850;22;;;;;1853;22;;;;;1851.5;-15.890625
1;44600;RAINFOREST_RESIN;9996;1;9995;21;;;10004;1;10005;21;;;10000.0;816.0
1;44600;KELP;2034;22;;;;;2037;22;;;;;2035.5;250.25
1;44700;KELP;2034;27;;;;;2036;6;2037;27;;;2035.0;249.943359375
1;44700;SQUID_INK;1849;27;;;;;1851;6;1852;2;1853;25;1850.0;-55.484375
1;44700;RAINFOREST_RESIN;9996;2;9995;25;;;10004;2;10005;25;;;10000.0;816.0
1;44800;RAINFOREST_RESIN;9995;25;;;;;10005;25;;;;;10000.0;816.0
1;44800;KELP;2034;25;;;;;2036;3;2037;25;;;2035.0;250.14453125
1;44800;SQUID_INK;1849;25;;;;;1851;3;1852;25;;;1850.0;-56.546875
1;44900;KELP;2034;23;;;;;2037;23;;;;;2035.5;249.9140625
1;44900;SQUID_INK;1849;23;;;;;1852;23;;;;;1850.5;-85.71875
1;44900;RAINFOREST_RESIN;9996;2;9995;21;;;10004;2;10005;21;;;10000.0;816.0
1;45000;SQUID_INK;1847;27;;;;;1850;28;;;;;1848.5;-163.3046875
1;45000;RAINFOREST_RESIN;9996;1;9995;27;;;10004;1;10005;27;;;10000.0;816.0
1;45000;KELP;2034;27;;;;;2037;28;;;;;2035.5;250.52734375
1;45100;KELP;2034;27;;;;;2037;27;;;;;2035.5;250.103515625
1;45100;SQUID_INK;1848;27;;;;;1851;27;;;;;1849.5;-112.625
1;45100;RAINFOREST_RESIN;9995;27;;;;;9998;1;10005;27;;;9996.5;816.0
1;45200;RAINFOREST_RESIN;10002;1;9996;1;9995;20;10004;1;10005;20;;;10003.0;818.0
1;45200;KELP;2034;20;;;;;2037;21;;;;;2035.5;249.603515625
1;45200;SQUID_INK;1848;20;;;;;1851;21;;;;;1849.5;-127.40625
1;45300;SQUID_INK;1848;22;;;;;1851;23;;;;;1849.5;-126.3359375
1;45300;KELP;2034;22;;;;;2037;23;;;;;2035.5;249.69921875
1;45300;RAINFOREST_RESIN;9995;23;;;;;10005;23;;;;;10000.0;820.0
1;45400;SQUID_INK;1846;25;;;;;1849;25;;;;;1847.5;-226.109375
1;45400;RAINFOREST_RESIN;9998;4;9995;25;;;10005;25;;;;;10001.5;820.0
1;45400;KELP;2033;25;;;;;2037;25;;;;;2035.0;247.462890625
1;45500;SQUID_INK;1846;21;;;;;1847;3;1849;21;;;1846.5;-216.828125
1;45500;KELP;2033;20;;;;;2034;2;2037;21;;;2033.5;247.357421875
1;45500;RAINFOREST_RESIN;9996;1;9995;20;;;9998;3;10004;1;10005;20;9997.0;820.0
1;45600;RAINFOREST_RESIN;9996;1;9995;23;;;10004;1;10005;23;;;10000.0;826.0
1;45600;KELP;2034;1;2033;23;;;2035;6;2037;24;;;2034.5;249.876953125
1;45600;SQUID_INK;1847;24;;;;;1849;6;1850;24;;;1848.0;-157.8671875
1;45700;SQUID_INK;1847;23;;;;;1850;23;;;;;1848.5;-166.6171875
1;45700;KELP;2034;2;2033;21;;;2037;23;;;;;2035.5;250.59765625
1;45700;RAINFOREST_RESIN;10002;1;9996;2;9995;21;10004;2;10005;21;;;10003.0;826.0
1;45800;SQUID_INK;1848;5;1847;2;1846;30;1850;32;;;;;1849.0;-194.578125
1;45800;RAINFOREST_RESIN;10000;5;9998;7;9996;2;10004;2;10005;30;;;10002.0;828.0
1;45800;KELP;2035;5;2033;32;;;2037;32;;;;;2036.0;249.14453125
1;45900;SQUID_INK;1847;25;;;;;1851;26;;;;;1849.0;-147.109375
1;45900;KELP;2033;25;;;;;2037;26;;;;;2035.0;248.05078125
1;45900;RAINFOREST_RESIN;9998;8;9996;1;9995;25;10004;1;10005;25;;;10001.0;828.0
1;46000;RAINFOREST_RESIN;9995;23;;;;;9998;1;10005;23;;;9996.5;828.0
1;46000;KELP;2033;23;;;;;2037;23;;;;;2035.0;248.2421875
1;46000;SQUID_INK;1848;23;;;;;1851;23;;;;;1849.5;-110.8671875
1;46100;SQUID_INK;1849;29;;;;;1852;25;;;;;1850.5;-88.328125
1;46100;KELP;2034;4;2033;25;;;2037;25;;;;;2035.5;247.39453125
1;46100;RAINFOREST_RESIN;9995;25;;;;;10005;25;;;;;10000.0;870.0
1;46200;SQUID_INK;1849;28;;;;;1852;24;;;;;1850.5;-89.9765625
1;46200;RAINFOREST_RESIN;9995;24;;;;;10005;24;;;;;10000.0;870.0
1;46200;KELP;2034;4;2033;24;;;2037;24;;;;;2035.5;246.6328125
1;46300;SQUID_INK;1848;28;;;;;1851;28;;;;;1849.5;-132.7578125
1;46300;RAINFOREST_RESIN;9996;2;9995;26;;;10004;2;10005;26;;;10000.0;870.0
1;46300;KELP;2033;28;;;;;2037;28;;;;;2035.0;246.61328125
1;46400;RAINFOREST_RESIN;9995;24;;;;;10005;24;;;;;10000.0;870.0
1;46400;KELP;2035;1;2033;24;;;2037;24;;;;;2036.0;245.765625
1;46400;SQUID_INK;1849;1;1847;24;;;1851;24;;;;;1850.0;-151.984375
1;46500;KELP;2035;2;2033;30;;;2036;1;2037;29;;;2035.5;245.52734375
1;46500;SQUID_INK;1847;2;1845;30;;;1848;30;;;;;1847.5;-266.75
1;46500;RAINFOREST_RESIN;9996;1;9995;29;;;9998;1;10004;1;10005;29;9997.0;870.0
1;46600;KELP;2035;1;2034;4;2033;28;2037;28;;;;;2036.0;245.87890625
1;46600;SQUID_INK;1848;1;1847;4;1846;28;1850;28;;;;;1849.0;-199.75
1;46600;RAINFOREST_RESIN;9998;1;9995;28;;;10005;28;;;;;10001.5;872.0
1;46700;SQUID_INK;1844;30;;;;;1847;30;;;;;1845.5;-342.59375
1;46700;RAINFOREST_RESIN;9996;1;9995;29;;;10004;1;10005;29;;;10000.0;872.0
1;46700;KELP;2033;30;;;;;2036;30;;;;;2034.5;245.271484375
1;46800;RAINFOREST_RESIN;9995;25;;;;;10005;25;;;;;10000.0;872.0
1;46800;KELP;2033;25;;;;;2036;25;;;;;2034.5;244.791015625
1;46800;SQUID_INK;1847;25;;;;;1850;25;;;;;1848.5;-172.0859375
1;46900;KELP;2033;20;;;;;2036;30;;;;;2034.5;244.419921875
1;46900;SQUID_INK;1846;30;;;;;1847;10;1850;30;;;1846.5;-200.75
1;46900;RAINFOREST_RESIN;9996;1;9995;29;;;10002;3;10004;1;10005;29;9999.0;872.0
1;47000;KELP;2033;23;;;;;2036;1;2037;22;;;2034.5;245.6328125
1;47000;SQUID_INK;1843;23;;;;;1846;1;1847;22;;;1844.5;-351.3125
1;47000;RAINFOREST_RESIN;9996;1;9995;22;;;10004;1;10005;22;;;10000.0;872.0
1;47100;SQUID_INK;1843;22;;;;;1846;22;;;;;1844.5;-384.2265625
1;47100;RAINFOREST_RESIN;9995;22;;;;;9998;1;10005;22;;;9996.5;872.0
1;47100;KELP;2033;22;;;;;2036;22;;;;;2034.5;243.5390625
1;47200;RAINFOREST_RESIN;9996;2;9995;21;;;10004;2;10005;21;;;10000.0;874.0
1;47200;KELP;2035;1;2033;23;;;2036;23;;;;;2035.5;244.03515625
1;47200;SQUID_INK;1848;1;1846;23;;;1849;23;;;;;1848.5;-209.6640625
1;47300;KELP;2033;26;;;;;2036;21;;;;;2034.5;244.705078125
1;47300;SQUID_INK;1846;5;1845;21;;;1849;21;;;;;1847.5;-251.140625
1;47300;RAINFOREST_RESIN;9995;21;;;;;10005;21;;;;;10000.0;874.0
1;47400;KELP;2035;5;2033;22;;;2037;22;;;;;2036.0;245.59375
1;47400;SQUID_INK;1847;5;1845;22;;;1849;22;;;;;1848.0;-251.140625
1;47400;RAINFOREST_RESIN;9998;7;9995;22;;;10005;22;;;;;10001.5;874.0
1;47500;SQUID_INK;1846;22;;;;;1848;5;1849;22;;;1847.0;-223.7265625
1;47500;RAINFOREST_RESIN;9996;1;9995;21;;;9998;1;10004;1;10005;21;9997.0;874.0
1;47500;KELP;2033;22;;;;;2035;5;2036;22;;;2034.0;245.150390625
1;47600;RAINFOREST_RESIN;9998;5;9995;21;;;10005;21;;;;;10001.5;876.0
1;47600;KELP;2033;21;;;;;2036;21;;;;;2034.5;245.498046875
1;47600;SQUID_INK;1846;21;;;;;1849;21;;;;;1847.5;-242.8984375
1;47700;KELP;2033;23;;;;;2035;4;2036;23;;;2034.0;244.943359375
1;47700;SQUID_INK;1845;23;;;;;1847;4;1849;23;;;1846.0;-251.40625
1;47700;RAINFOREST_RESIN;9998;1;9995;23;;;10005;23;;;;;10001.5;876.0
1;47800;KELP;2033;20;;;;;2035;7;2036;20;;;2034.0;251.9375
1;47800;SQUID_INK;1845;20;;;;;1847;7;1848;20;;;1846.0;-273.953125
1;47800;RAINFOREST_RESIN;9995;20;;;;;10005;20;;;;;10000.0;876.0
1;47900;SQUID_INK;1845;23;;;;;1848;23;;;;;1846.5;-256.78125
1;47900;RAINFOREST_RESIN;9995;23;;;;;10005;23;;;;;10000.0;876.0
1;47900;KELP;2033;23;;;;;2036;23;;;;;2034.5;251.9375
1;48000;RAINFOREST_RESIN;10002;2;9996;1;9995;26;10004;1;10005;26;;;10003.0;876.0
1;48000;KELP;2033;27;;;;;2036;27;;;;;2034.5;250.875
1;48000;SQUID_INK;1845;1;1844;26;;;1848;27;;;;;1846.5;-297.03125
1;48100;KELP;2033;30;;;;;2035;1;2037;30;;;2034.0;255.98828125
1;48100;SQUID_INK;1844;30;;;;;1845;1;1847;30;;;1844.5;-338.21875
1;48100;RAINFOREST_RESIN;9996;1;9995;29;;;10004;1;10005;29;;;10000.0;880.0
1;48200;KELP;2033;28;;;;;2036;27;;;;;2034.5;248.96875
1;48200;SQUID_INK;1842;28;;;;;1845;27;;;;;1843.5;-419.4296875
1;48200;RAINFOREST_RESIN;9996;1;9995;26;;;10004;1;10005;26;;;10000.0;880.0
1;48300;SQUID_INK;1839;17;;;;;1842;21;;;;;1840.5;-590.4296875
1;48300;RAINFOREST_RESIN;9998;4;9996;1;9995;20;10004;1;10005;20;;;10001.0;880.0
1;48300;KELP;2033;21;;;;;2034;4;2036;21;;;2033.5;250.03125
1;48400;RAINFOREST_RESIN;9996;2;9995;30;;;10004;2;10005;30;;;10000.0;880.0
1;48400;KELP;2033;32;;;;;2035;6;2036;32;;;2034.0;252.25390625
1;48400;SQUID_INK;1838;32;;;;;1840;6;1841;32;;;1839.0;-611.2109375
1;48500;KELP;2033;29;;;;;2036;29;;;;;2034.5;250.73828125
1;48500;RAINFOREST_RESIN;9995;29;;;;;10005;29;;;;;10000.0;880.0
1;48500;SQUID_INK;1838;29;;;;;1841;29;;;;;1839.5;-632.453125
1;48600;KELP;2033;27;;;;;2036;27;;;;;2034.5;254.0390625
1;48600;SQUID_INK;1839;1;1838;26;;;1842;27;;;;;1840.5;-598.8203125
1;48600;RAINFOREST_RESIN;9996;1;9995;26;;;10004;1;10005;26;;;10000.0;880.0
1;48700;RAINFOREST_RESIN;9996;1;9995;22;;;10000;2;10004;1;10005;22;9998.0;880.0
1;48700;SQUID_INK;1840;23;;;;;1841;2;1843;23;;;1840.5;-530.203125
1;48700;KELP;2033;23;;;;;2034;2;2036;23;;;2033.5;251.51171875
1;48800;RAINFOREST_RESIN;9996;1;9995;28;;;10004;1;10005;28;;;10000.0;880.0
1;48800;KELP;2033;29;;;;;2036;29;;;;;2034.5;255.69140625
1;48800;SQUID_INK;1839;29;;;;;1842;29;;;;;1840.5;-579.390625
1;48900;KELP;2033;21;;;;;2036;22;;;;;2034.5;255.40625
1;48900;RAINFOREST_RESIN;9995;22;;;;;10005;22;;;;;10000.0;880.0
1;48900;SQUID_INK;1839;22;;;;;1840;1;1843;22;;;1839.5;-550.6796875
1;49000;KELP;2033;29;;;;;2036;1;2037;28;;;2034.5;258.39453125
1;49000;SQUID_INK;1838;29;;;;;1841;29;;;;;1839.5;-637.9609375
1;49000;RAINFOREST_RESIN;9996;1;9995;28;;;10004;1;10005;28;;;10000.0;880.0
1;49100;RAINFOREST_RESIN;9995;30;;;;;10005;30;;;;;10000.0;886.0
1;49100;SQUID_INK;1834;30;;;;;1837;30;;;;;1835.5;-837.8203125
1;49100;KELP;2033;30;;;;;2037;30;;;;;2035.0;263.08203125
1;49200;RAINFOREST_RESIN;10002;3;9996;1;9995;25;10004;1;10005;25;;;10003.0;886.0
1;49200;KELP;2034;1;2033;25;;;2037;26;;;;;2035.5;267.51953125
1;49200;SQUID_INK;1833;26;;;;;1836;26;;;;;1834.5;-863.6640625
1;49300;KELP;2034;6;2033;29;;;2037;29;;;;;2035.5;268.875
1;49300;RAINFOREST_RESIN;9998;3;9995;29;;;10005;29;;;;;10001.5;886.0
1;49300;SQUID_INK;1834;35;;;;;1837;29;;;;;1835.5;-840.875
1;49400;KELP;2034;23;;;;;2037;23;;;;;2035.5;270.2421875
1;49400;SQUID_INK;1833;1;1832;22;;;1836;23;;;;;1834.5;-899.515625
1;49400;RAINFOREST_RESIN;9996;1;9995;22;;;10004;1;10005;22;;;10000.0;886.0
1;49500;RAINFOREST_RESIN;9996;1;9995;24;;;10004;1;10005;24;;;10000.0;886.0
1;49500;SQUID_INK;1833;25;;;;;1836;25;;;;;1834.5;-855.4453125
1;49500;KELP;2034;25;;;;;2037;25;;;;;2035.5;274.5859375
1;49600;RAINFOREST_RESIN;9996;2;9995;28;;;10000;3;10002;9;10004;2;9998.0;886.0
1;49600;SQUID_INK;1831;30;;;;;1832;3;1834;30;;;1831.5;-988.9765625
1;49600;KELP;2034;2;2033;28;;;2035;3;2037;30;;;2034.5;269.09765625
1;49700;KELP;2036;1;2034;27;;;2037;21;;;;;2036.5;271.5546875
1;49700;RAINFOREST_RESIN;9995;21;;;;;10005;21;;;;;10000.0;886.0
1;49700;SQUID_INK;1832;1;1830;27;;;1833;21;;;;;1832.5;-1024.2890625
1;49800;SQUID_INK;1832;19;;;;;1835;20;;;;;1833.5;-919.09375
1;49800;KELP;2034;19;;;;;2037;20;;;;;2035.5;272.8125
1;49800;RAINFOREST_RESIN;9995;20;;;;;10002;7;10005;20;;;9998.5;886.0
1;49900;RAINFOREST_RESIN;9996;1;9995;23;;;10004;1;10005;23;;;10000.0;886.0
1;49900;SQUID_INK;1833;5;1832;24;;;1835;24;;;;;1834.0;-910.359375
1;49900;KELP;2034;29;;;;;2037;24;;;;;2035.5;274.50390625
1;50000;RAINFOREST_RESIN;9996;2;9995;24;;;10002;5;10004;2;10005;24;9999.0;886.0
1;50000;SQUID_INK;1830;26;;;;;1834;26;;;;;1832.0;-999.7890625
1;50000;KELP;2034;26;;;;;2037;26;;;;;2035.5;274.26171875
1;50100;KELP;2034;24;;;;;2037;24;;;;;2035.5;273.015625
1;50100;RAINFOREST_RESIN;10002;4;9996;2;9995;22;10004;2;10005;22;;;10003.0;886.0
1;50100;SQUID_INK;1832;24;;;;;1835;24;;;;;1833.5;-943.28125
1;50200;SQUID_INK;1832;29;;;;;1835;29;;;;;1833.5;-940.171875
1;50200;KELP;2034;29;;;;;2037;29;;;;;2035.5;273.5234375
1;50200;RAINFOREST_RESIN;9996;1;9995;28;;;10004;1;10005;28;;;10000.0;886.0
1;50300;RAINFOREST_RESIN;9995;23;;;;;10005;23;;;;;10000.0;886.0
1;50300;SQUID_INK;1832;23;;;;;1833;4;1835;23;;;1832.5;-944.2890625
1;50300;KELP;2034;23;;;;;2036;4;2037;23;;;2035.0;274.50390625
1;50400;RAINFOREST_RESIN;9996;2;9995;21;;;10004;2;10005;21;;;10000.0;886.0
1;50400;SQUID_INK;1831;22;;;;;1834;23;;;;;1832.5;-973.0234375
1;50400;KELP;2034;22;;;;;2037;23;;;;;2035.5;273.7265625
1;50500;KELP;2035;4;2034;28;;;2037;28;;;;;2036.0;275.00390625
1;50500;RAINFOREST_RESIN;10000;4;9998;7;9996;1;10004;1;10005;27;;;10002.0;886.0
1;50500;SQUID_INK;1832;4;1831;28;;;1834;28;;;;;1833.0;-977.4765625
1;50600;SQUID_INK;1831;24;;;;;1832;4;1834;24;;;1831.5;-987.21875
1;50600;KELP;2034;24;;;;;2035;4;2037;24;;;2034.5;275.26171875
1;50600;RAINFOREST_RESIN;9998;7;9996;2;9995;22;10000;5;10004;2;10005;22;9999.0;886.0
1;50700;RAINFOREST_RESIN;9998;9;9995;20;;;10005;20;;;;;10001.5;886.0
1;50700;SQUID_INK;1829;20;;;;;1833;20;;;;;1831.0;-1051.2578125
1;50700;KELP;2034;20;;;;;2037;20;;;;;2035.5;279.09765625
1;50800;RAINFOREST_RESIN;9998;7;9996;2;9995;26;10004;2;10005;26;;;10001.0;886.0
1;50800;SQUID_INK;1830;28;;;;;1833;28;;;;;1831.5;-1025.3515625
1;50800;KELP;2034;28;;;;;2037;28;;;;;2035.5;275.015625
1;50900;KELP;2034;29;;;;;2035;5;2037;30;;;2034.5;274.4140625
1;50900;RAINFOREST_RESIN;9998;2;9995;30;;;10000;5;10005;30;;;9999.0;886.0
1;50900;SQUID_INK;1831;29;;;;;1832;5;1834;30;;;1831.5;-993.96875
1;51000;SQUID_INK;1831;2;1830;23;;;1834;25;;;;;1832.5;-996.1953125
1;51000;KELP;2034;25;;;;;2037;25;;;;;2035.5;275.9765625
1;51000;RAINFOREST_RESIN;9996;2;9995;23;;;10004;2;10005;23;;;10000.0;886.0
1;51100;RAINFOREST_RESIN;9995;29;;;;;10002;1;10005;29;;;9998.5;886.0
1;51100;SQUID_INK;1831;32;;;;;1834;29;;;;;1832.5;-983.46875
1;51100;KELP;2034;32;;;;;2037;29;;;;;2035.5;276.6640625
1;51200;RAINFOREST_RESIN;9995;30;;;;;10005;30;;;;;10000.0;886.0
1;51200;SQUID_INK;1831;30;;;;;1834;30;;;;;1832.5;-963.2109375
1;51200;KELP;2034;30;;;;;2037;30;;;;;2035.5;278.390625
1;51300;KELP;2034;25;;;;;2037;25;;;;;2035.5;279.109375
1;51300;RAINFOREST_RESIN;9996;2;9995;23;;;9998;5;10002;5;10004;2;9997.0;886.0
1;51300;SQUID_INK;1830;25;;;;;1833;25;;;;;1831.5;-1030.2421875
1;51400;SQUID_INK;1829;23;;;;;1831;5;1832;23;;;1830.0;-1058.1953125
1;51400;KELP;2034;23;;;;;2036;5;2037;23;;;2035.0;278.078125
1;51400;RAINFOREST_RESIN;9996;1;9995;22;;;10004;1;10005;22;;;10000.0;896.0
1;51500;RAINFOREST_RESIN;9995;21;;;;;10005;21;;;;;10000.0;896.0
1;51500;SQUID_INK;1829;21;;;;;1832;21;;;;;1830.5;-1070.671875
1;51500;KELP;2034;21;;;;;2037;21;;;;;2035.5;281.32421875
1;51600;RAINFOREST_RESIN;9996;2;9995;21;;;10002;5;10004;2;10005;21;9999.0;904.0
1;51600;SQUID_INK;1829;3;1828;23;;;1831;23;;;;;1830.0;-1139.6953125
1;51600;KELP;2036;3;2034;23;;;2037;23;;;;;2036.5;286.5234375
1;51700;KELP;2034;32;;;;;2037;32;;;;;2035.5;288.00390625
1;51700;RAINFOREST_RESIN;9996;2;9995;30;;;10004;2;10005;30;;;10000.0;904.0
1;51700;SQUID_INK;1828;2;1827;30;;;1831;32;;;;;1829.5;-1148.578125
1;51800;SQUID_INK;1828;25;;;;;1831;25;;;;;1829.5;-1114.359375
1;51800;KELP;2034;25;;;;;2037;25;;;;;2035.5;288.2421875
1;51800;RAINFOREST_RESIN;9995;25;;;;;10005;25;;;;;10000.0;904.0
1;51900;RAINFOREST_RESIN;9996;2;9995;26;;;10004;2;10005;26;;;10000.0;904.0
1;51900;SQUID_INK;1828;28;;;;;1831;28;;;;;1829.5;-1112.5
1;51900;KELP;2034;28;;;;;2037;28;;;;;2035.5;287.0078125
1;52000;RAINFOREST_RESIN;9998;2;9995;21;;;10000;5;10005;21;;;9999.0;904.0
1;52000;SQUID_INK;1829;26;;;;;1830;5;1832;21;;;1829.5;-1082.7109375
1;52000;KELP;2034;26;;;;;2035;5;2037;21;;;2034.5;287.96875
1;52100;KELP;2034;1;2033;27;;;2037;28;;;;;2035.5;283.56640625
