day;timestamp;product;bid_price_1;bid_volume_1;bid_price_2;bid_volume_2;bid_price_3;bid_volume_3;ask_price_1;ask_volume_1;ask_price_2;ask_volume_2;ask_price_3;ask_volume_3;mid_price;profit_and_loss
3;0;SQUID_INK;1820;1;1819;28;;;1822;28;;;;;1821.0;0.0
3;0;VOLCANIC_ROCK_VOUCHER_10000;182;17;;;;;183;17;;;;;182.5;0.0
3;0;KELP;2040;29;;;;;2043;28;;;;;2041.5;0.0
3;0;RAINFOREST_RESIN;9992;26;;;;;10008;26;;;;;10000.0;0.0
3;0;VOLCANIC_ROCK_VOUCHER_10250;36;17;;;;;37;17;;;;;36.5;0.0
3;0;JAMS;6522;272;;;;;6524;272;;;;;6523.0;0.0
3;0;MAGNIFICENT_MACARONS;667;16;665;15;658;26;676;8;685;26;692;15;671.5;0.0
3;0;DJEMBES;13296;53;;;;;13297;53;;;;;13296.5;0.0
3;0;VOLCANIC_ROCK;10165;185;;;;;10167;136;10168;49;;;10166.0;0.0
3;0;VOLCANIC_ROCK_VOUCHER_10500;3;17;;;;;4;17;;;;;3.5;0.0
3;0;VOLCANIC_ROCK_VOUCHER_9750;417;17;;;;;418;17;;;;;417.5;0.0
3;0;PICNIC_BASKET1;58412;2;58411;15;58410;21;58421;2;58422;15;58423;21;58416.5;0.0
3;0;PICNIC_BASKET2;30070;17;30069;21;;;30075;2;30076;36;;;30072.5;0.0
3;0;CROISSANTS;4241;136;;;;;4242;136;;;;;4241.5;0.0
3;0;VOLCANIC_ROCK_VOUCHER_9500;666;17;;;;;667;17;;;;;666.5;0.0
3;100;PICNIC_BASKET1;58416;1;58415;38;;;58426;19;58427;20;;;58421.0;0.0
3;100;VOLCANIC_ROCK_VOUCHER_9750;416;19;;;;;417;19;;;;;416.5;0.0
3;100;PICNIC_BASKET2;30070;1;30069;38;;;30075;19;30076;20;;;30072.5;0.0
3;100;VOLCANIC_ROCK;10164;101;10163;42;;;10165;101;10166;42;;;10164.5;0.0
3;100;VOLCANIC_ROCK_VOUCHER_9500;664;19;;;;;665;19;;;;;664.5;0.0
3;100;MAGNIFICENT_MACARONS;668;20;666;18;659;25;677;10;686;25;693;18;672.5;0.0
3;100;VOLCANIC_ROCK_VOUCHER_10250;35;19;;;;;36;19;;;;;35.5;0.0
3;100;JAMS;6522;155;;;;;6524;155;;;;;6523.0;0.0
3;100;CROISSANTS;4241;98;;;;;4242;98;;;;;4241.5;0.0
3;100;SQUID_INK;1816;26;;;;;1819;26;;;;;1817.5;0.0
3;100;VOLCANIC_ROCK_VOUCHER_10500;3;19;;;;;4;19;;;;;3.5;0.0
3;100;RAINFOREST_RESIN;9992;25;;;;;10008;25;;;;;10000.0;0.0
3;100;VOLCANIC_ROCK_VOUCHER_10000;180;19;;;;;181;19;;;;;180.5;0.0
3;100;DJEMBES;13296;65;;;;;13297;65;;;;;13296.5;0.0
3;100;KELP;2040;26;;;;;2043;26;;;;;2041.5;0.0
3;200;VOLCANIC_ROCK_VOUCHER_10000;184;15;;;;;185;15;;;;;184.5;0.0
3;200;KELP;2040;21;;;;;2043;21;;;;;2041.5;0.0
3;200;VOLCANIC_ROCK_VOUCHER_10250;37;15;;;;;38;15;;;;;37.5;0.0
3;200;JAMS;6522;236;;;;;6524;236;;;;;6523.0;0.0
3;200;CROISSANTS;4241;108;;;;;4242;108;;;;;4241.5;0.0
3;200;DJEMBES;13296;71;;;;;13298;71;;;;;13297.0;0.0
3;200;VOLCANIC_ROCK_VOUCHER_10500;3;15;;;;;4;15;;;;;3.5;0.0
3;200;PICNIC_BASKET2;30069;15;30068;26;;;30075;41;;;;;30072.0;0.0
3;200;VOLCANIC_ROCK_VOUCHER_9750;420;15;;;;;421;15;;;;;420.5;0.0
3;200;PICNIC_BASKET1;58419;15;58418;26;;;58430;15;58431;26;;;58424.5;0.0
3;200;RAINFOREST_RESIN;9992;35;;;;;10008;35;;;;;10000.0;0.0
3;200;VOLCANIC_ROCK_VOUCHER_9500;669;15;;;;;670;15;;;;;669.5;0.0
3;200;MAGNIFICENT_MACARONS;665;10;662;15;656;21;670;6;674;5;683;21;667.5;0.0
3;200;VOLCANIC_ROCK;10168;99;10167;67;;;10170;172;;;;;10169.0;0.0
3;200;SQUID_INK;1814;21;;;;;1817;21;;;;;1815.5;0.0
3;300;RAINFOREST_RESIN;9992;29;;;;;10008;29;;;;;10000.0;0.0
3;300;VOLCANIC_ROCK_VOUCHER_9500;669;14;;;;;670;14;;;;;669.5;0.0
3;300;VOLCANIC_ROCK_VOUCHER_10250;37;14;;;;;38;14;;;;;37.5;0.0
3;300;JAMS;6522;80;6521;109;;;6523;80;6524;109;;;6522.5;0.0
3;300;SQUID_INK;1813;27;;;;;1816;27;;;;;1814.5;0.0
3;300;VOLCANIC_ROCK;10169;114;10168;42;;;10170;114;10171;42;;;10169.5;0.0
3;300;VOLCANIC_ROCK_VOUCHER_10500;3;14;;;;;4;14;;;;;3.5;0.0
3;300;MAGNIFICENT_MACARONS;665;12;662;13;656;26;674;6;683;26;689;13;669.5;0.0
3;300;VOLCANIC_ROCK_VOUCHER_10000;184;14;;;;;185;14;;;;;184.5;0.0
3;300;DJEMBES;13296;65;;;;;13298;65;;;;;13297.0;0.0
3;300;KELP;2040;27;;;;;2043;27;;;;;2041.5;0.0
3;300;CROISSANTS;4241;119;;;;;4242;119;;;;;4241.5;0.0
3;300;PICNIC_BASKET2;30068;41;;;;;30074;14;30075;27;;;30071.0;0.0
3;300;VOLCANIC_ROCK_VOUCHER_9750;420;14;;;;;421;14;;;;;420.5;0.0
3;300;PICNIC_BASKET1;58420;1;58419;13;58418;27;58429;1;58430;13;58431;27;58424.5;0.0
3;400;MAGNIFICENT_MACARONS;664;20;662;18;655;28;673;10;682;28;689;18;668.5;0.0
3;400;DJEMBES;13297;56;;;;;13299;56;;;;;13298.0;0.0
3;400;VOLCANIC_ROCK_VOUCHER_10500;3;18;;;;;4;18;;;;;3.5;0.0
3;400;PICNIC_BASKET2;30067;18;30066;18;;;30073;36;;;;;30070.0;0.0
3;400;VOLCANIC_ROCK_VOUCHER_9750;423;18;;;;;424;18;;;;;423.5;0.0
3;400;PICNIC_BASKET1;58416;18;58415;18;;;58427;18;58428;18;;;58421.5;0.0
3;400;CROISSANTS;4241;129;;;;;4242;129;;;;;4241.5;0.0
3;400;VOLCANIC_ROCK_VOUCHER_9500;671;18;;;;;673;18;;;;;672.0;0.0
3;400;SQUID_INK;1814;1;1812;28;;;1816;28;;;;;1815.0;0.0
3;400;VOLCANIC_ROCK_VOUCHER_10000;188;18;;;;;189;18;;;;;188.5;0.0
3;400;KELP;2042;1;2040;28;;;2043;28;;;;;2042.5;0.0
3;400;VOLCANIC_ROCK;10171;129;10170;71;;;10173;200;;;;;10172.0;0.0
3;400;RAINFOREST_RESIN;9992;25;;;;;10008;25;;;;;10000.0;0.0
3;400;VOLCANIC_ROCK_VOUCHER_10250;38;18;;;;;39;18;;;;;38.5;0.0
3;400;JAMS;6521;207;;;;;6523;207;;;;;6522.0;0.0
3;500;VOLCANIC_ROCK_VOUCHER_10250;;;;;;;38;19;;;;;38.0;0.0
3;500;CROISSANTS;4241;106;;;;;4242;116;;;;;4241.5;0.0
3;500;JAMS;6522;75;6521;164;;;6523;75;6524;164;;;6522.5;0.0
3;500;SQUID_INK;1812;25;;;;;1816;25;;;;;1814.0;0.0
3;500;VOLCANIC_ROCK;10169;155;;;;;10171;107;10172;48;;;10170.0;0.0
3;500;VOLCANIC_ROCK_VOUCHER_10500;;;;;;;4;19;;;;;4.0;0.0
3;500;RAINFOREST_RESIN;10003;6;9992;34;;;10008;34;;;;;10005.5;0.0
3;500;VOLCANIC_ROCK_VOUCHER_10000;;;;;;;186;19;;;;;186.0;0.0
3;500;DJEMBES;13298;70;;;;;13299;24;13300;46;;;13298.5;0.0
3;500;KELP;2040;25;;;;;2043;25;;;;;2041.5;0.0
3;500;PICNIC_BASKET2;30065;19;30064;24;;;30071;43;;;;;30068.0;0.0
3;500;VOLCANIC_ROCK_VOUCHER_9750;;;;;;;422;19;;;;;422.0;0.0
3;500;PICNIC_BASKET1;58418;19;58417;24;;;58429;19;58430;24;;;58423.5;0.0
3;500;VOLCANIC_ROCK_VOUCHER_9500;;;;;;;671;19;;;;;671.0;0.0
3;500;MAGNIFICENT_MACARONS;665;10;662;19;656;25;674;5;683;25;689;19;669.5;0.0
3;600;PICNIC_BASKET2;30070;8;30068;1;30067;47;30073;20;30074;28;;;30071.5;0.0
3;600;VOLCANIC_ROCK_VOUCHER_9750;421;20;;;;;422;20;;;;;421.5;0.0
3;600;PICNIC_BASKET1;58419;8;58415;1;58414;19;58424;1;58425;19;58426;28;58421.5;0.0
3;600;RAINFOREST_RESIN;9992;34;;;;;10008;34;;;;;10000.0;0.0
3;600;VOLCANIC_ROCK_VOUCHER_9500;670;20;;;;;671;20;;;;;670.5;0.0
3;600;MAGNIFICENT_MACARONS;665;20;662;19;656;29;674;10;683;29;689;19;669.5;0.0
3;600;SQUID_INK;1813;30;;;;;1816;30;;;;;1814.5;0.0
3;600;VOLCANIC_ROCK_VOUCHER_10000;187;20;;;;;188;20;;;;;187.5;0.0
3;600;KELP;2040;30;;;;;2043;1;2044;29;;;2041.5;0.0
3;600;VOLCANIC_ROCK;10170;140;10169;72;;;10171;140;10172;72;;;10170.5;0.0
3;600;VOLCANIC_ROCK_VOUCHER_10250;37;20;;;;;38;20;;;;;37.5;0.0
3;600;CROISSANTS;4241;54;4240;59;;;4242;113;;;;;4241.5;0.0
3;600;JAMS;6522;59;6521;169;;;6523;228;;;;;6522.5;0.0
3;600;DJEMBES;13298;77;;;;;13299;28;13300;49;;;13298.5;0.0
3;600;VOLCANIC_ROCK_VOUCHER_10500;3;20;;;;;4;20;;;;;3.5;0.0
3;700;VOLCANIC_ROCK_VOUCHER_10500;3;12;;;;;4;12;;;;;3.5;0.0
3;700;MAGNIFICENT_MACARONS;667;9;663;12;660;11;672;6;681;20;687;11;669.5;0.0
3;700;VOLCANIC_ROCK_VOUCHER_10000;185;12;;;;;186;12;;;;;185.5;0.0
3;700;DJEMBES;13297;75;;;;;13298;29;13299;46;;;13297.5;0.0
3;700;KELP;2040;21;;;;;2043;21;;;;;2041.5;0.0
3;700;CROISSANTS;4241;34;4240;69;;;4242;108;;;;;4241.5;0.0
3;700;PICNIC_BASKET2;30064;1;30063;40;;;30069;1;30070;40;;;30066.5;0.0
3;700;VOLCANIC_ROCK_VOUCHER_9750;421;12;;;;;422;12;;;;;421.5;0.0
3;700;PICNIC_BASKET1;58417;1;58416;11;58415;29;58426;1;58427;11;58428;29;58421.5;0.0
3;700;RAINFOREST_RESIN;9992;27;;;;;10008;27;;;;;10000.0;0.0
3;700;VOLCANIC_ROCK_VOUCHER_9500;670;12;;;;;671;12;;;;;670.5;0.0
3;700;VOLCANIC_ROCK_VOUCHER_10250;37;12;;;;;38;12;;;;;37.5;0.0
3;700;JAMS;6521;207;;;;;6523;207;;;;;6522.0;0.0
3;700;SQUID_INK;1813;21;;;;;1816;21;;;;;1814.5;0.0
3;700;VOLCANIC_ROCK;10170;9;10169;154;;;10171;109;10172;45;;;10170.5;0.0
3;800;SQUID_INK;1813;22;;;;;1816;22;;;;;1814.5;0.0
3;800;VOLCANIC_ROCK_VOUCHER_10000;188;16;;;;;189;16;;;;;188.5;0.0
3;800;VOLCANIC_ROCK;10170;116;10169;58;;;10171;115;10172;58;;;10170.5;0.0
3;800;KELP;2040;22;;;;;2043;22;;;;;2041.5;0.0
3;800;RAINFOREST_RESIN;9992;27;;;;;10008;27;;;;;10000.0;0.0
3;800;VOLCANIC_ROCK_VOUCHER_10250;37;16;;;;;38;16;;;;;37.5;0.0
3;800;JAMS;6521;240;;;;;6523;240;;;;;6522.0;0.0
3;800;MAGNIFICENT_MACARONS;662;16;659;16;653;22;671;8;680;22;686;16;666.5;0.0
3;800;DJEMBES;13297;69;;;;;13298;69;;;;;13297.5;0.0
3;800;VOLCANIC_ROCK_VOUCHER_10500;3;16;;;;;4;16;;;;;3.5;0.0
3;800;PICNIC_BASKET2;30063;45;;;;;30070;45;;;;;30066.5;0.0
3;800;VOLCANIC_ROCK_VOUCHER_9750;422;16;;;;;423;16;;;;;422.5;0.0
3;800;PICNIC_BASKET1;58416;16;58415;29;;;58427;16;58428;29;;;58421.5;0.0
3;800;CROISSANTS;4241;45;4240;89;;;4242;134;;;;;4241.5;0.0
3;800;VOLCANIC_ROCK_VOUCHER_9500;670;16;;;;;671;16;;;;;670.5;0.0
3;900;PICNIC_BASKET2;30062;1;30061;30;;;30067;12;30068;19;;;30064.5;0.0
3;900;VOLCANIC_ROCK_VOUCHER_9750;426;12;;;;;427;12;;;;;426.5;0.0
3;900;PICNIC_BASKET1;58413;1;58412;11;58411;19;58422;1;58423;11;58424;19;58417.5;0.0
3;900;VOLCANIC_ROCK_VOUCHER_9500;675;12;;;;;676;12;;;;;675.5;0.0
3;900;MAGNIFICENT_MACARONS;663;14;661;11;654;29;672;7;681;29;688;11;667.5;0.0
3;900;VOLCANIC_ROCK_VOUCHER_10250;39;12;;;;;40;12;;;;;39.5;0.0
3;900;CROISSANTS;4240;103;;;;;4241;40;4242;63;;;4240.5;0.0
3;900;JAMS;6521;182;;;;;6523;182;;;;;6522.0;0.0
3;900;SQUID_INK;1818;1;1817;29;;;1821;30;;;;;1819.5;0.0
3;900;VOLCANIC_ROCK;10174;128;10173;59;;;10176;187;;;;;10175.0;0.0
3;900;VOLCANIC_ROCK_VOUCHER_10500;3;12;;;;;4;12;;;;;3.5;0.0
3;900;RAINFOREST_RESIN;9992;35;;;;;10008;35;;;;;10000.0;0.0
3;900;VOLCANIC_ROCK_VOUCHER_10000;188;12;;;;;189;12;;;;;188.5;0.0
3;900;DJEMBES;13297;45;;;;;13298;56;;;;;13297.5;0.0
3;900;KELP;2039;30;;;;;2043;30;;;;;2041.0;0.0
3;1000;VOLCANIC_ROCK_VOUCHER_10000;189;12;;;;;190;12;;;;;189.5;0.0
3;1000;VOLCANIC_ROCK;10174;119;10173;46;;;10176;165;;;;;10175.0;0.0
3;1000;KELP;2040;2;2039;20;;;2043;22;;;;;2041.5;0.0
3;1000;VOLCANIC_ROCK_VOUCHER_10250;39;12;;;;;40;12;;;;;39.5;0.0
3;1000;CROISSANTS;4240;153;;;;;4241;57;4242;96;;;4240.5;0.0
3;1000;JAMS;6521;290;;;;;6523;290;;;;;6522.0;0.0
3;1000;DJEMBES;13297;52;;;;;13299;52;;;;;13298.0;0.0
3;1000;VOLCANIC_ROCK_VOUCHER_10500;3;12;;;;;4;12;;;;;3.5;0.0
3;1000;PICNIC_BASKET2;30064;12;30063;16;;;30069;2;30070;26;;;30066.5;0.0
3;1000;VOLCANIC_ROCK_VOUCHER_9750;426;12;;;;;427;12;;;;;426.5;0.0
3;1000;PICNIC_BASKET1;58416;2;58415;10;58414;16;58425;2;58426;10;58427;16;58420.5;0.0
3;1000;RAINFOREST_RESIN;9992;25;;;;;10008;25;;;;;10000.0;0.0
3;1000;VOLCANIC_ROCK_VOUCHER_9500;675;12;;;;;676;12;;;;;675.5;0.0
3;1000;MAGNIFICENT_MACARONS;660;18;657;10;651;20;669;9;678;20;684;10;664.5;0.0
3;1000;SQUID_INK;1820;22;;;;;1823;2;1824;20;;;1821.5;0.0
3;1100;RAINFOREST_RESIN;9992;31;;;;;10008;31;;;;;10000.0;0.0
3;1100;VOLCANIC_ROCK_VOUCHER_9500;672;19;;;;;673;19;;;;;672.5;0.0
3;1100;VOLCANIC_ROCK_VOUCHER_10250;38;19;;;;;39;19;;;;;38.5;0.0
3;1100;JAMS;6521;191;;;;;6523;191;;;;;6522.0;0.0
3;1100;SQUID_INK;1821;26;;;;;1822;3;1824;27;;;1821.5;0.0
3;1100;VOLCANIC_ROCK;10172;154;10171;56;;;10173;149;10174;56;;;10172.5;0.0
3;1100;VOLCANIC_ROCK_VOUCHER_10500;3;19;;;;;4;19;;;;;3.5;0.0
3;1100;MAGNIFICENT_MACARONS;663;5;659;14;656;17;668;7;677;25;683;17;665.5;0.0
3;1100;VOLCANIC_ROCK_VOUCHER_10000;188;19;;;;;189;19;;;;;188.5;0.0
3;1100;DJEMBES;13297;74;;;;;13298;74;;;;;13297.5;0.0
3;1100;KELP;2039;27;;;;;2040;1;2041;3;2043;27;2039.5;0.0
3;1100;CROISSANTS;4240;119;;;;;4242;119;;;;;4241.0;0.0
3;1100;PICNIC_BASKET2;30064;19;30063;29;;;30069;2;30070;46;;;30066.5;0.0
3;1100;VOLCANIC_ROCK_VOUCHER_9750;423;19;;;;;424;19;;;;;423.5;0.0
3;1100;PICNIC_BASKET1;58419;2;58418;17;58417;29;58428;2;58429;17;58430;29;58423.5;0.0
3;1200;MAGNIFICENT_MACARONS;656;16;654;11;647;27;665;8;674;27;681;11;660.5;0.0
3;1200;DJEMBES;13297;65;;;;;13298;65;;;;;13297.5;0.0
3;1200;VOLCANIC_ROCK_VOUCHER_10500;3;13;;;;;4;13;;;;;3.5;0.0
3;1200;PICNIC_BASKET2;30059;13;30058;22;;;30064;2;30065;33;;;30061.5;0.0
3;1200;VOLCANIC_ROCK_VOUCHER_9500;669;13;;;;;670;13;;;;;669.5;0.0
3;1200;PICNIC_BASKET1;58412;2;58411;11;58410;22;58421;2;58422;11;58423;22;58416.5;0.0
3;1200;CROISSANTS;4240;116;;;;;4242;116;;;;;4241.0;0.0
3;1200;VOLCANIC_ROCK_VOUCHER_9750;420;13;;;;;421;13;;;;;420.5;0.0
3;1200;SQUID_INK;1819;29;;;;;1820;1;1822;2;1823;27;1819.5;0.0
3;1200;VOLCANIC_ROCK_VOUCHER_10000;182;13;;;;;183;13;;;;;182.5;0.0
3;1200;VOLCANIC_ROCK;10168;117;10167;47;;;10170;164;;;;;10169.0;0.0
3;1200;KELP;2039;29;;;;;2040;1;2043;29;;;2039.5;0.0
3;1200;RAINFOREST_RESIN;9992;25;;;;;10003;6;10008;25;;;9997.5;0.0
3;1200;VOLCANIC_ROCK_VOUCHER_10250;37;13;;;;;38;13;;;;;37.5;0.0
3;1200;JAMS;6521;256;;;;;6523;256;;;;;6522.0;0.0
3;1300;JAMS;6520;197;;;;;6521;12;6522;197;;;6520.5;0.0
3;1300;CROISSANTS;4240;130;;;;;4241;42;4242;88;;;4240.5;0.0
3;1300;SQUID_INK;1819;29;;;;;1821;1;1822;29;;;1820.0;0.0
3;1300;VOLCANIC_ROCK_VOUCHER_10250;;;;;;;37;12;38;16;;;37.0;0.0
3;1300;VOLCANIC_ROCK;10170;136;10169;79;;;10171;130;10172;79;;;10170.5;0.0
3;1300;VOLCANIC_ROCK_VOUCHER_10500;;;;;;;3;12;4;16;;;3.0;0.0
3;1300;RAINFOREST_RESIN;9992;34;;;;;9999;1;10008;34;;;9995.5;0.0
3;1300;VOLCANIC_ROCK_VOUCHER_10000;;;;;;;187;12;188;16;;;187.0;0.0
3;1300;DJEMBES;13296;56;;;;;13297;15;13298;41;;;13296.5;0.0
3;1300;KELP;2040;2;2039;27;;;2041;1;2043;29;;;2040.5;0.0
3;1300;VOLCANIC_ROCK_VOUCHER_9750;;;;;;;422;12;423;16;;;422.0;0.0
3;1300;PICNIC_BASKET1;58409;2;58408;14;58407;15;58418;2;58419;29;;;58413.5;0.0
3;1300;PICNIC_BASKET2;30057;31;;;;;30063;16;30064;15;;;30060.0;0.0
3;1300;MAGNIFICENT_MACARONS;660;6;656;16;654;14;665;8;674;27;681;14;662.5;0.0
3;1300;VOLCANIC_ROCK_VOUCHER_9500;;;;;;;670;12;671;16;;;670.0;0.0
3;1400;VOLCANIC_ROCK_VOUCHER_9500;670;16;;;;;671;16;;;;;670.5;0.0
3;1400;PICNIC_BASKET1;58408;2;58407;14;58406;29;58417;2;58418;14;58419;29;58412.5;0.0
3;1400;PICNIC_BASKET2;30059;2;30058;43;;;30064;2;30065;43;;;30061.5;0.0
3;1400;VOLCANIC_ROCK_VOUCHER_9750;421;16;;;;;422;16;;;;;421.5;0.0
3;1400;RAINFOREST_RESIN;9992;29;;;;;10003;5;10008;29;;;9997.5;0.0
3;1400;MAGNIFICENT_MACARONS;654;20;652;14;645;22;663;10;672;22;679;14;658.5;0.0
3;1400;SQUID_INK;1820;24;;;;;1822;6;1823;24;;;1821.0;0.0
3;1400;VOLCANIC_ROCK;10170;118;10169;72;;;10171;118;10172;72;;;10170.5;0.0
3;1400;VOLCANIC_ROCK_VOUCHER_10000;187;16;;;;;188;2;189;14;;;187.5;0.0
3;1400;KELP;2040;2;2039;22;;;2041;6;2043;24;;;2040.5;0.0
3;1400;CROISSANTS;4240;128;;;;;4242;128;;;;;4241.0;0.0
3;1400;JAMS;6520;240;;;;;6522;240;;;;;6521.0;0.0
3;1400;VOLCANIC_ROCK_VOUCHER_10250;37;16;;;;;38;16;;;;;37.5;0.0
3;1400;DJEMBES;13296;61;;;;;13297;61;;;;;13296.5;0.0
3;1400;VOLCANIC_ROCK_VOUCHER_10500;3;16;;;;;4;16;;;;;3.5;0.0
3;1500;VOLCANIC_ROCK_VOUCHER_10500;3;20;;;;;4;20;;;;;3.5;0.0
3;1500;MAGNIFICENT_MACARONS;652;18;650;20;643;24;661;9;670;24;677;20;656.5;0.0
3;1500;VOLCANIC_ROCK_VOUCHER_10000;189;20;;;;;190;20;;;;;189.5;0.0
3;1500;DJEMBES;13296;61;;;;;13298;61;;;;;13297.0;0.0
3;1500;KELP;2040;24;;;;;2042;5;2043;24;;;2041.0;0.0
3;1500;CROISSANTS;4240;118;;;;;4242;118;;;;;4241.0;0.0
3;1500;VOLCANIC_ROCK_VOUCHER_9750;425;20;;;;;426;20;;;;;425.5;0.0
3;1500;PICNIC_BASKET1;58404;20;58403;18;;;58415;20;58416;18;;;58409.5;0.0
3;1500;PICNIC_BASKET2;30059;38;;;;;30065;20;30066;18;;;30062.0;0.0
3;1500;RAINFOREST_RESIN;9992;26;;;;;9998;4;10008;26;;;9995.0;0.0
3;1500;VOLCANIC_ROCK_VOUCHER_9500;673;20;;;;;675;20;;;;;674.0;0.0
3;1500;JAMS;6520;248;;;;;6522;248;;;;;6521.0;0.0
3;1500;SQUID_INK;1820;24;;;;;1822;5;1823;24;;;1821.0;0.0
3;1500;VOLCANIC_ROCK_VOUCHER_10250;38;20;;;;;39;20;;;;;38.5;0.0
3;1500;VOLCANIC_ROCK;10173;123;10172;75;;;10175;198;;;;;10174.0;0.0
3;1600;SQUID_INK;1820;23;;;;;1823;23;;;;;1821.5;0.0
3;1600;VOLCANIC_ROCK;10172;123;10171;58;;;10173;129;10174;58;;;10172.5;0.0
3;1600;VOLCANIC_ROCK_VOUCHER_10000;189;21;;;;;190;21;;;;;189.5;0.0
3;1600;KELP;2040;23;;;;;2043;23;;;;;2041.5;0.0
3;1600;JAMS;6520;244;;;;;6522;244;;;;;6521.0;0.0
3;1600;RAINFOREST_RESIN;9992;31;;;;;10008;31;;;;;10000.0;0.0
3;1600;VOLCANIC_ROCK_VOUCHER_10250;38;21;;;;;39;21;;;;;38.5;0.0
3;1600;MAGNIFICENT_MACARONS;652;10;649;20;643;22;661;5;670;22;676;20;656.5;0.0
3;1600;DJEMBES;13296;60;;;;;13297;60;;;;;13296.5;0.0
3;1600;VOLCANIC_ROCK_VOUCHER_10500;3;21;;;;;4;21;;;;;3.5;0.0
3;1600;VOLCANIC_ROCK_VOUCHER_9500;672;21;;;;;674;21;;;;;673.0;0.0
3;1600;PICNIC_BASKET1;58404;1;58403;20;58402;27;58413;1;58414;20;58415;27;58408.5;0.0
3;1600;PICNIC_BASKET2;30060;48;;;;;30066;21;30067;27;;;30063.0;0.0
3;1600;CROISSANTS;4240;149;;;;;4242;149;;;;;4241.0;0.0
3;1600;VOLCANIC_ROCK_VOUCHER_9750;424;21;;;;;425;21;;;;;424.5;0.0
3;1700;VOLCANIC_ROCK_VOUCHER_9750;424;16;;;;;425;16;;;;;424.5;0.0
3;1700;PICNIC_BASKET1;58402;16;58401;20;;;58413;16;58414;20;;;58407.5;0.0
3;1700;PICNIC_BASKET2;30061;16;30060;20;;;30067;36;;;;;30064.0;0.0
3;1700;VOLCANIC_ROCK_VOUCHER_9500;672;16;;;;;673;16;;;;;672.5;0.0
3;1700;MAGNIFICENT_MACARONS;654;10;652;16;645;23;663;5;672;23;679;16;658.5;0.0
3;1700;CROISSANTS;4240;142;;;;;4241;59;4242;83;;;4240.5;0.0
3;1700;JAMS;6520;83;6519;135;;;6521;83;6522;135;;;6520.5;0.0
3;1700;SQUID_INK;1820;23;;;;;1823;23;;;;;1821.5;0.0
3;1700;VOLCANIC_ROCK_VOUCHER_10250;38;16;;;;;39;16;;;;;38.5;0.0
3;1700;VOLCANIC_ROCK;10172;119;10171;52;;;10173;119;10174;52;;;10172.5;0.0
3;1700;VOLCANIC_ROCK_VOUCHER_10500;3;16;;;;;4;16;;;;;3.5;0.0
3;1700;RAINFOREST_RESIN;9992;34;;;;;9997;6;10008;34;;;9994.5;0.0
3;1700;VOLCANIC_ROCK_VOUCHER_10000;188;16;;;;;189;16;;;;;188.5;0.0
3;1700;DJEMBES;13296;54;;;;;13297;20;13298;34;;;13296.5;0.0
3;1700;KELP;2040;23;;;;;2043;23;;;;;2041.5;0.0
3;1800;VOLCANIC_ROCK;10174;115;10173;72;;;10175;115;10176;72;;;10174.5;0.0
3;1800;VOLCANIC_ROCK_VOUCHER_10000;191;17;;;;;192;17;;;;;191.5;0.0
3;1800;CROISSANTS;4240;116;;;;;4241;63;4242;53;;;4240.5;0.0
3;1800;JAMS;6518;249;;;;;6520;249;;;;;6519.0;0.0
3;1800;VOLCANIC_ROCK_VOUCHER_10250;39;17;;;;;40;17;;;;;39.5;0.0
3;1800;DJEMBES;13297;58;;;;;13298;58;;;;;13297.5;0.0
3;1800;KELP;2039;30;;;;;2043;30;;;;;2041.0;0.0
3;1800;VOLCANIC_ROCK_VOUCHER_10500;3;17;;;;;4;17;;;;;3.5;0.0
3;1800;VOLCANIC_ROCK_VOUCHER_9500;674;17;;;;;676;17;;;;;675.0;0.0
3;1800;PICNIC_BASKET1;58402;1;58401;16;58400;17;58406;6;58411;1;58412;16;58404.0;0.0
3;1800;PICNIC_BASKET2;30055;17;30054;17;;;30057;6;30061;34;;;30056.0;0.0
3;1800;VOLCANIC_ROCK_VOUCHER_9750;426;17;;;;;427;17;;;;;426.5;0.0
3;1800;RAINFOREST_RESIN;9992;31;;;;;10008;31;;;;;10000.0;0.0
3;1800;MAGNIFICENT_MACARONS;653;20;650;16;644;29;658;10;662;10;671;29;655.5;0.0
3;1800;SQUID_INK;1820;30;;;;;1823;1;1824;29;;;1821.5;0.0
3;1900;RAINFOREST_RESIN;9992;35;;;;;10008;35;;;;;10000.0;0.0
3;1900;VOLCANIC_ROCK_VOUCHER_9500;673;15;;;;;674;15;;;;;673.5;0.0
3;1900;JAMS;6518;262;;;;;6520;262;;;;;6519.0;0.0
3;1900;SQUID_INK;1821;4;1820;26;;;1824;26;;;;;1822.5;0.0
3;1900;VOLCANIC_ROCK_VOUCHER_10250;38;15;;;;;39;15;;;;;38.5;0.0
3;1900;VOLCANIC_ROCK;10172;180;;;;;10174;136;10175;44;;;10173.0;0.0
3;1900;VOLCANIC_ROCK_VOUCHER_10500;3;15;;;;;4;15;;;;;3.5;0.0
3;1900;MAGNIFICENT_MACARONS;657;14;655;15;648;26;666;7;675;26;682;15;661.5;0.0
3;1900;VOLCANIC_ROCK_VOUCHER_10000;188;15;;;;;189;15;;;;;188.5;0.0
3;1900;DJEMBES;13297;71;;;;;13298;26;13299;45;;;13297.5;0.0
3;1900;CROISSANTS;4241;52;4240;95;;;4242;147;;;;;4241.5;0.0
3;1900;KELP;2040;4;2039;26;;;2043;26;;;;;2041.5;0.0
3;1900;VOLCANIC_ROCK_VOUCHER_9750;425;15;;;;;426;15;;;;;425.5;0.0
3;1900;PICNIC_BASKET1;58403;15;58402;26;;;58414;15;58415;26;;;58408.5;0.0
3;1900;PICNIC_BASKET2;30056;15;30055;26;;;30062;41;;;;;30059.0;0.0
3;2000;MAGNIFICENT_MACARONS;655;12;652;19;646;28;664;6;673;28;679;19;659.5;0.0
3;2000;DJEMBES;13298;65;;;;;13299;71;;;;;13298.5;0.0
3;2000;VOLCANIC_ROCK_VOUCHER_10500;3;21;;;;;4;21;;;;;3.5;0.0
3;2000;VOLCANIC_ROCK_VOUCHER_9500;674;21;;;;;675;21;;;;;674.5;0.0
3;2000;PICNIC_BASKET1;58404;2;58403;19;58402;30;58413;2;58414;19;58415;30;58408.5;0.0
3;2000;PICNIC_BASKET2;30053;21;30052;30;;;30058;2;30059;49;;;30055.5;0.0
3;2000;CROISSANTS;4241;40;4240;55;;;4242;95;;;;;4241.5;0.0
3;2000;VOLCANIC_ROCK_VOUCHER_9750;425;21;;;;;426;21;;;;;425.5;0.0
3;2000;KELP;2039;30;;;;;2043;30;;;;;2041.0;0.0
3;2000;SQUID_INK;1821;30;;;;;1824;30;;;;;1822.5;0.0
3;2000;VOLCANIC_ROCK;10174;126;10173;67;;;10175;126;10176;67;;;10174.5;0.0
3;2000;VOLCANIC_ROCK_VOUCHER_10000;191;21;;;;;192;21;;;;;191.5;0.0
3;2000;JAMS;6517;195;;;;;6519;195;;;;;6518.0;0.0
3;2000;RAINFOREST_RESIN;9992;27;;;;;10008;27;;;;;10000.0;0.0
3;2000;VOLCANIC_ROCK_VOUCHER_10250;39;21;;;;;40;21;;;;;39.5;0.0
3;2100;CROISSANTS;4241;135;;;;;4242;135;;;;;4241.5;0.0
3;2100;KELP;2039;29;;;;;2043;29;;;;;2041.0;0.0
3;2100;JAMS;6516;248;;;;;6518;248;;;;;6517.0;0.0
3;2100;SQUID_INK;1823;29;;;;;1826;29;;;;;1824.5;0.0
3;2100;VOLCANIC_ROCK_VOUCHER_10250;39;19;;;;;40;19;;;;;39.5;0.0
3;2100;VOLCANIC_ROCK;10175;118;10174;64;;;10176;118;10177;64;;;10175.5;0.0
3;2100;VOLCANIC_ROCK_VOUCHER_10500;3;19;;;;;4;19;;;;;3.5;0.0
3;2100;RAINFOREST_RESIN;9992;32;;;;;10008;32;;;;;10000.0;0.0
3;2100;VOLCANIC_ROCK_VOUCHER_10000;189;19;;;;;190;19;;;;;189.5;0.0
3;2100;DJEMBES;13298;80;;;;;13299;80;;;;;13298.5;0.0
3;2100;VOLCANIC_ROCK_VOUCHER_9750;426;19;;;;;427;19;;;;;426.5;0.0
3;2100;PICNIC_BASKET1;58402;2;58401;47;;;58411;2;58412;17;58413;30;58406.5;0.0
3;2100;PICNIC_BASKET2;30052;2;30051;47;;;30057;19;30058;30;;;30054.5;0.0
3;2100;VOLCANIC_ROCK_VOUCHER_9500;675;19;;;;;676;19;;;;;675.5;0.0
3;2100;MAGNIFICENT_MACARONS;650;20;648;17;641;27;659;10;668;27;675;17;654.5;0.0
3;2200;VOLCANIC_ROCK_VOUCHER_9500;672;20;;;;;673;20;;;;;672.5;0.0
3;2200;PICNIC_BASKET1;58400;1;58399;19;58398;25;58409;1;58410;19;58411;25;58404.5;0.0
3;2200;PICNIC_BASKET2;30050;20;30049;25;;;30055;1;30056;44;;;30052.5;0.0
3;2200;VOLCANIC_ROCK_VOUCHER_9750;423;20;;;;;424;20;;;;;423.5;0.0
3;2200;RAINFOREST_RESIN;9992;29;;;;;10008;29;;;;;10000.0;0.0
3;2200;MAGNIFICENT_MACARONS;653;16;650;19;644;23;662;8;671;23;677;19;657.5;0.0
3;2200;SQUID_INK;1822;24;;;;;1825;24;;;;;1823.5;0.0
3;2200;VOLCANIC_ROCK;10172;147;10171;79;;;10173;147;10174;79;;;10172.5;0.0
3;2200;VOLCANIC_ROCK_VOUCHER_10000;186;20;;;;;187;20;;;;;186.5;0.0
3;2200;CROISSANTS;4241;145;;;;;4242;145;;;;;4241.5;0.0
3;2200;JAMS;6516;216;;;;;6518;216;;;;;6517.0;0.0
3;2200;VOLCANIC_ROCK_VOUCHER_10250;38;20;;;;;39;20;;;;;38.5;0.0
3;2200;DJEMBES;13298;75;;;;;13299;75;;;;;13298.5;0.0
3;2200;KELP;2039;24;;;;;2043;24;;;;;2041.0;0.0
3;2200;VOLCANIC_ROCK_VOUCHER_10500;3;20;;;;;4;20;;;;;3.5;0.0
3;2300;DJEMBES;13298;64;;;;;13299;64;;;;;13298.5;0.0
3;2300;VOLCANIC_ROCK_VOUCHER_10500;3;25;;;;;4;11;;;;;3.5;0.0
3;2300;MAGNIFICENT_MACARONS;650;18;648;10;641;23;659;9;668;23;675;10;654.5;0.0
3;2300;VOLCANIC_ROCK_VOUCHER_10000;187;25;;;;;188;11;;;;;187.5;0.0
3;2300;CROISSANTS;4241;43;4240;94;;;4242;137;;;;;4241.5;0.0
3;2300;KELP;2040;1;2039;23;;;2043;24;;;;;2041.5;0.0
3;2300;VOLCANIC_ROCK_VOUCHER_9750;424;25;;;;;425;11;;;;;424.5;0.0
3;2300;PICNIC_BASKET1;58396;1;58395;10;58394;26;58405;1;58406;10;58407;26;58400.5;0.0
3;2300;PICNIC_BASKET2;30049;11;30048;26;;;30054;1;30055;36;;;30051.5;0.0
3;2300;RAINFOREST_RESIN;9992;27;;;;;10008;27;;;;;10000.0;0.0
3;2300;VOLCANIC_ROCK_VOUCHER_9500;673;25;;;;;674;11;;;;;673.5;0.0
3;2300;JAMS;6516;265;;;;;6518;265;;;;;6517.0;0.0
3;2300;SQUID_INK;1822;24;;;;;1825;24;;;;;1823.5;0.0
3;2300;VOLCANIC_ROCK_VOUCHER_10250;38;25;;;;;39;11;;;;;38.5;0.0
3;2300;VOLCANIC_ROCK;10172;187;;;;;10174;108;10175;79;;;10173.0;0.0
3;2400;JAMS;6516;212;;;;;6518;212;;;;;6517.0;0.0
3;2400;KELP;2040;29;;;;;2043;29;;;;;2041.5;0.0
3;2400;SQUID_INK;1822;1;1821;28;;;1825;29;;;;;1823.5;0.0
3;2400;VOLCANIC_ROCK;10171;103;10170;60;;;10173;163;;;;;10172.0;0.0
3;2400;VOLCANIC_ROCK_VOUCHER_10000;189;19;;;;;190;19;;;;;189.5;0.0
3;2400;RAINFOREST_RESIN;10001;1;9992;35;;;10008;35;;;;;10004.5;0.0
3;2400;VOLCANIC_ROCK_VOUCHER_10250;38;19;;;;;39;19;;;;;38.5;0.0
3;2400;MAGNIFICENT_MACARONS;649;14;647;18;640;28;658;7;667;28;674;18;653.5;0.0
3;2400;DJEMBES;13298;62;;;;;13299;62;;;;;13298.5;0.0
3;2400;VOLCANIC_ROCK_VOUCHER_10500;3;19;;;;;4;19;;;;;3.5;0.0
3;2400;VOLCANIC_ROCK_VOUCHER_9500;672;19;;;;;673;19;;;;;672.5;0.0
3;2400;PICNIC_BASKET2;30051;1;30050;38;;;30056;19;30057;20;;;30053.5;0.0
3;2400;PICNIC_BASKET1;58399;1;58398;18;58397;20;58408;1;58409;18;58410;20;58403.5;0.0
3;2400;CROISSANTS;4241;56;4240;80;;;4242;136;;;;;4241.5;0.0
3;2400;VOLCANIC_ROCK_VOUCHER_9750;422;19;;;;;423;19;;;;;422.5;0.0
3;2500;VOLCANIC_ROCK_VOUCHER_9750;424;10;;;;;425;10;;;;;424.5;0.0
3;2500;PICNIC_BASKET2;30050;32;;;;;30056;10;30057;22;;;30053.0;0.0
3;2500;PICNIC_BASKET1;58396;10;58395;22;;;58407;10;58408;22;;;58401.5;0.0
3;2500;VOLCANIC_ROCK_VOUCHER_9500;672;10;;;;;673;10;;;;;672.5;0.0
3;2500;MAGNIFICENT_MACARONS;646;12;644;10;637;25;655;6;664;25;671;10;650.5;0.0
3;2500;CROISSANTS;4241;46;4240;56;;;4242;102;;;;;4241.5;0.0
3;2500;KELP;2040;25;;;;;2043;25;;;;;2041.5;0.0
3;2500;SQUID_INK;1822;25;;;;;1825;25;;;;;1823.5;0.0
3;2500;VOLCANIC_ROCK_VOUCHER_10250;38;10;;;;;39;10;;;;;38.5;0.0
3;2500;VOLCANIC_ROCK;10172;132;10171;43;;;10173;139;10174;43;;;10172.5;0.0
3;2500;DJEMBES;13298;53;;;;;13299;53;;;;;13298.5;0.0
3;2500;VOLCANIC_ROCK_VOUCHER_10500;3;10;;;;;4;10;;;;;3.5;0.0
3;2500;RAINFOREST_RESIN;9992;27;;;;;9999;1;10008;27;;;9995.5;0.0
3;2500;JAMS;6516;199;;;;;6518;199;;;;;6517.0;0.0
3;2500;VOLCANIC_ROCK_VOUCHER_10000;188;10;;;;;189;10;;;;;188.5;0.0
3;2600;VOLCANIC_ROCK;10167;139;10166;75;;;10169;223;;;;;10168.0;0.0
3;2600;VOLCANIC_ROCK_VOUCHER_10000;187;14;;;;;188;14;;;;;187.5;0.0
3;2600;VOLCANIC_ROCK_VOUCHER_10250;37;14;;;;;38;14;;;;;37.5;0.0
3;2600;JAMS;6516;166;;;;;6518;166;;;;;6517.0;0.0
3;2600;DJEMBES;13297;64;;;;;13298;64;;;;;13297.5;0.0
3;2600;KELP;2040;24;;;;;2043;24;;;;;2041.5;0.0
3;2600;VOLCANIC_ROCK_VOUCHER_10500;3;14;;;;;4;14;;;;;3.5;0.0
3;2600;VOLCANIC_ROCK_VOUCHER_9500;668;14;;;;;669;14;;;;;668.5;0.0
3;2600;PICNIC_BASKET2;30048;14;30047;15;;;30054;29;;;;;30051.0;0.0
3;2600;PICNIC_BASKET1;58396;14;58395;15;;;58407;14;58408;15;;;58401.5;0.0
3;2600;RAINFOREST_RESIN;9997;5;9992;30;;;10008;30;;;;;10002.5;0.0
3;2600;VOLCANIC_ROCK_VOUCHER_9750;418;14;;;;;420;14;;;;;419.0;0.0
3;2600;MAGNIFICENT_MACARONS;643;14;640;14;634;24;652;7;661;24;667;14;647.5;0.0
3;2600;CROISSANTS;4240;109;;;;;4242;109;;;;;4241.0;0.0
3;2600;SQUID_INK;1822;24;;;;;1825;24;;;;;1823.5;0.0
3;2700;RAINFOREST_RESIN;9992;26;;;;;10008;26;;;;;10000.0;0.0
3;2700;VOLCANIC_ROCK_VOUCHER_9500;664;17;;;;;665;17;;;;;664.5;0.0
3;2700;CROISSANTS;4240;107;;;;;4242;107;;;;;4241.0;0.0
3;2700;JAMS;6516;187;;;;;6518;187;;;;;6517.0;0.0
3;2700;SQUID_INK;1822;26;;;;;1825;26;;;;;1823.5;0.0
3;2700;VOLCANIC_ROCK_VOUCHER_10250;35;17;;;;;36;17;;;;;35.5;0.0
3;2700;VOLCANIC_ROCK;10164;7;10163;181;;;10165;127;10166;54;;;10164.5;0.0
3;2700;DJEMBES;13297;54;;;;;13298;54;;;;;13297.5;0.0
3;2700;VOLCANIC_ROCK_VOUCHER_10500;3;17;;;;;4;17;;;;;3.5;0.0
3;2700;MAGNIFICENT_MACARONS;638;20;636;17;629;26;647;10;656;26;663;17;642.5;0.0
3;2700;VOLCANIC_ROCK_VOUCHER_10000;179;17;;;;;180;17;;;;;179.5;0.0
3;2700;KELP;2040;26;;;;;2043;26;;;;;2041.5;0.0
3;2700;VOLCANIC_ROCK_VOUCHER_9750;416;17;;;;;417;17;;;;;416.5;0.0
3;2700;PICNIC_BASKET2;30045;32;;;;;30051;17;30052;15;;;30048.0;0.0
3;2700;PICNIC_BASKET1;58401;32;;;;;58412;17;58413;15;;;58406.5;0.0
3;2800;MAGNIFICENT_MACARONS;632;10;630;14;623;21;637;9;641;5;650;21;634.5;0.0
3;2800;DJEMBES;13296;53;;;;;13298;53;;;;;13297.0;0.0
3;2800;VOLCANIC_ROCK_VOUCHER_10500;3;16;;;;;4;16;;;;;3.5;0.0
3;2800;VOLCANIC_ROCK_VOUCHER_9500;663;16;;;;;665;16;;;;;664.0;0.0
3;2800;PICNIC_BASKET2;30045;16;30044;16;;;30050;2;30051;30;;;30047.5;0.0
3;2800;PICNIC_BASKET1;58394;2;58393;14;58392;16;58403;2;58404;14;58405;16;58398.5;0.0
3;2800;VOLCANIC_ROCK_VOUCHER_9750;414;16;;;;;416;16;;;;;415.0;0.0
3;2800;CROISSANTS;4240;161;;;;;4241;63;4242;98;;;4240.5;0.0
3;2800;JAMS;6516;210;;;;;6518;210;;;;;6517.0;0.0
3;2800;KELP;2040;23;;;;;2043;23;;;;;2041.5;0.0
3;2800;SQUID_INK;1823;23;;;;;1826;23;;;;;1824.5;0.0
3;2800;VOLCANIC_ROCK;10163;113;10162;56;;;10164;113;10165;56;;;10163.5;0.0
3;2800;VOLCANIC_ROCK_VOUCHER_10000;181;16;;;;;182;16;;;;;181.5;0.0
3;2800;RAINFOREST_RESIN;9992;28;;;;;10008;28;;;;;10000.0;0.0
3;2800;VOLCANIC_ROCK_VOUCHER_10250;35;16;;;;;36;16;;;;;35.5;0.0
3;2900;SQUID_INK;1823;29;;;;;1825;3;1826;29;;;1824.0;0.0
3;2900;KELP;2040;29;;;;;2042;3;2043;29;;;2041.0;0.0
3;2900;VOLCANIC_ROCK_VOUCHER_10250;35;13;;;;;36;13;;;;;35.5;0.0
3;2900;VOLCANIC_ROCK;10163;108;10162;73;;;10164;108;10165;73;;;10163.5;0.0
3;2900;DJEMBES;13297;46;;;;;13298;46;;;;;13297.5;0.0
3;2900;VOLCANIC_ROCK_VOUCHER_10500;3;13;;;;;4;13;;;;;3.5;0.0
3;2900;RAINFOREST_RESIN;10001;1;9992;31;;;10008;31;;;;;10004.5;0.0
3;2900;JAMS;6516;60;6515;129;;;6517;60;6518;129;;;6516.5;0.0
3;2900;VOLCANIC_ROCK_VOUCHER_10000;180;13;;;;;181;13;;;;;180.5;0.0
3;2900;VOLCANIC_ROCK_VOUCHER_9750;414;13;;;;;415;13;;;;;414.5;0.0
3;2900;PICNIC_BASKET2;30044;13;30043;16;;;30050;29;;;;;30047.0;0.0
3;2900;PICNIC_BASKET1;58389;13;58388;16;;;58399;13;58400;16;;;58394.0;0.0
3;2900;VOLCANIC_ROCK_VOUCHER_9500;663;13;;;;;664;13;;;;;663.5;0.0
3;2900;CROISSANTS;4240;120;;;;;4242;120;;;;;4241.0;0.0
3;2900;MAGNIFICENT_MACARONS;634;14;631;11;625;27;643;7;652;27;658;11;638.5;0.0
3;3000;VOLCANIC_ROCK_VOUCHER_9500;665;15;;;;;666;15;;;;;665.5;0.0
3;3000;PICNIC_BASKET2;30044;15;30043;19;;;30050;34;;;;;30047.0;0.0
3;3000;PICNIC_BASKET1;58389;1;58388;14;58387;19;58398;1;58399;14;58400;19;58393.5;0.0
3;3000;RAINFOREST_RESIN;9992;29;;;;;10008;29;;;;;10000.0;0.0
3;3000;VOLCANIC_ROCK_VOUCHER_9750;416;15;;;;;417;15;;;;;416.5;0.0
3;3000;CROISSANTS;4240;114;;;;;4242;114;;;;;4241.0;0.0
3;3000;MAGNIFICENT_MACARONS;636;14;633;14;627;30;645;7;654;30;660;14;640.5;0.0
3;3000;SQUID_INK;1823;31;;;;;1826;31;;;;;1824.5;0.0
3;3000;VOLCANIC_ROCK;10165;147;10164;78;;;10166;147;10167;78;;;10165.5;0.0
3;3000;VOLCANIC_ROCK_VOUCHER_10000;184;15;;;;;185;15;;;;;184.5;0.0
3;3000;VOLCANIC_ROCK_VOUCHER_10250;36;15;;;;;37;15;;;;;36.5;0.0
3;3000;JAMS;6516;164;;;;;6518;164;;;;;6517.0;0.0
3;3000;DJEMBES;13297;55;;;;;13298;55;;;;;13297.5;0.0
3;3000;KELP;2040;31;;;;;2043;31;;;;;2041.5;0.0
3;3000;VOLCANIC_ROCK_VOUCHER_10500;3;15;;;;;4;15;;;;;3.5;0.0
3;3100;DJEMBES;13297;61;;;;;13299;61;;;;;13298.0;0.0
3;3100;VOLCANIC_ROCK_VOUCHER_10500;3;10;;;;;4;10;;;;;3.5;0.0
3;3100;MAGNIFICENT_MACARONS;640;12;637;10;631;28;649;6;658;28;664;10;644.5;0.0
3;3100;VOLCANIC_ROCK_VOUCHER_10000;184;10;;;;;185;10;;;;;184.5;0.0
3;3100;KELP;2040;28;;;;;2044;28;;;;;2042.0;0.0
3;3100;VOLCANIC_ROCK_VOUCHER_9750;420;10;;;;;421;10;;;;;420.5;0.0
3;3100;PICNIC_BASKET2;30045;35;;;;;30052;35;;;;;30048.5;0.0
3;3100;PICNIC_BASKET1;58391;10;58390;25;;;58402;10;58403;25;;;58396.5;0.0
3;3100;RAINFOREST_RESIN;9997;4;9992;35;;;10008;35;;;;;10002.5;0.0
3;3100;VOLCANIC_ROCK_VOUCHER_9500;668;10;;;;;670;10;;;;;669.0;0.0
3;3100;CROISSANTS;4240;143;;;;;4241;49;4242;94;;;4240.5;0.0
3;3100;JAMS;6517;105;6516;128;;;6518;94;6519;128;;;6517.5;0.0
3;3100;SQUID_INK;1824;28;;;;;1827;28;;;;;1825.5;0.0
3;3100;VOLCANIC_ROCK_VOUCHER_10250;37;10;;;;;38;10;;;;;37.5;0.0
3;3100;VOLCANIC_ROCK;10168;146;10167;64;;;10170;210;;;;;10169.0;0.0
3;3200;CROISSANTS;4240;128;;;;;4241;61;4242;67;;;4240.5;0.0
3;3200;JAMS;6517;79;6516;136;;;6518;203;;;;;6517.5;0.0
3;3200;SQUID_INK;1826;1;1824;21;;;1827;21;;;;;1826.5;0.0
3;3200;KELP;2042;1;2040;21;;;2043;21;;;;;2042.5;0.0
3;3200;VOLCANIC_ROCK;10166;129;10165;48;;;10167;129;10168;48;;;10166.5;0.0
3;3200;VOLCANIC_ROCK_VOUCHER_10000;185;15;;;;;186;15;;;;;185.5;0.0
3;3200;RAINFOREST_RESIN;9992;33;;;;;10008;33;;;;;10000.0;0.0
3;3200;VOLCANIC_ROCK_VOUCHER_10250;36;15;;;;;37;15;;;;;36.5;0.0
3;3200;MAGNIFICENT_MACARONS;641;12;639;15;632;21;650;6;659;21;666;15;645.5;0.0
3;3200;DJEMBES;13297;48;;;;;13299;48;;;;;13298.0;0.0
3;3200;VOLCANIC_ROCK_VOUCHER_10500;3;15;;;;;4;15;;;;;3.5;0.0
3;3200;VOLCANIC_ROCK_VOUCHER_9500;666;15;;;;;667;15;;;;;666.5;0.0
3;3200;PICNIC_BASKET2;30046;31;;;;;30052;15;30053;16;;;30049.0;0.0
3;3200;PICNIC_BASKET1;58391;15;58390;16;;;58402;15;58403;16;;;58396.5;0.0
3;3200;VOLCANIC_ROCK_VOUCHER_9750;417;15;;;;;418;15;;;;;417.5;0.0
3;3300;VOLCANIC_ROCK_VOUCHER_9750;417;20;;;;;418;20;;;;;417.5;0.0
3;3300;PICNIC_BASKET2;30050;2;30049;34;;;30052;8;30055;20;30056;16;30051.0;0.0
3;3300;PICNIC_BASKET1;58398;2;58397;18;58396;16;58402;8;58407;2;58408;18;58400.0;0.0
3;3300;VOLCANIC_ROCK_VOUCHER_9500;666;20;;;;;667;20;;;;;666.5;0.0
3;3300;CROISSANTS;4240;135;;;;;4242;135;;;;;4241.0;0.0
3;3300;MAGNIFICENT_MACARONS;644;16;641;18;635;23;653;8;662;23;668;18;648.5;0.0
3;3300;SQUID_INK;1826;11;1825;25;;;1828;25;;;;;1827.0;0.0
3;3300;KELP;2041;5;2040;31;;;2043;25;;;;;2042.0;0.0
3;3300;VOLCANIC_ROCK_VOUCHER_10250;36;20;;;;;37;20;;;;;36.5;0.0
3;3300;VOLCANIC_ROCK;10165;168;;;;;10167;121;10168;47;;;10166.0;0.0
3;3300;DJEMBES;13299;54;;;;;13300;16;13301;38;;;13299.5;0.0
3;3300;VOLCANIC_ROCK_VOUCHER_10500;3;20;;;;;4;20;;;;;3.5;0.0
3;3300;RAINFOREST_RESIN;9992;31;;;;;10008;31;;;;;10000.0;0.0
3;3300;JAMS;6517;89;6516;179;;;6518;89;6519;179;;;6517.5;0.0
3;3300;VOLCANIC_ROCK_VOUCHER_10000;182;20;;;;;183;20;;;;;182.5;0.0
3;3400;VOLCANIC_ROCK;10164;129;10163;61;;;10166;129;10167;61;;;10165.0;0.0
3;3400;VOLCANIC_ROCK_VOUCHER_10000;180;13;;;;;181;13;;;;;180.5;0.0
3;3400;VOLCANIC_ROCK_VOUCHER_10250;36;13;;;;;37;13;;;;;36.5;0.0
3;3400;JAMS;6516;250;;;;;6518;250;;;;;6517.0;0.0
3;3400;DJEMBES;13300;30;13299;47;;;13301;77;;;;;13300.5;0.0
3;3400;KELP;2041;4;2040;30;;;2043;30;;;;;2042.0;0.0
3;3400;VOLCANIC_ROCK_VOUCHER_10500;3;13;;;;;4;13;;;;;3.5;0.0
3;3400;VOLCANIC_ROCK_VOUCHER_9500;665;13;;;;;666;13;;;;;665.5;0.0
3;3400;PICNIC_BASKET2;30046;43;;;;;30052;13;30053;30;;;30049.0;0.0
3;3400;PICNIC_BASKET1;58387;13;58386;30;;;58398;13;58399;30;;;58392.5;0.0
3;3400;VOLCANIC_ROCK_VOUCHER_9750;415;13;;;;;417;13;;;;;416.0;0.0
3;3400;RAINFOREST_RESIN;10001;1;9992;32;;;10008;32;;;;;10004.5;0.0
3;3400;CROISSANTS;4239;157;;;;;4241;157;;;;;4240.0;0.0
3;3400;MAGNIFICENT_MACARONS;644;16;641;13;634;30;652;8;662;30;668;13;648.0;0.0
3;3400;SQUID_INK;1828;4;1826;30;;;1829;30;;;;;1828.5;0.0
3;3500;RAINFOREST_RESIN;9992;28;;;;;10003;4;10008;28;;;9997.5;0.0
3;3500;VOLCANIC_ROCK_VOUCHER_10250;35;14;;;;;36;14;;;;;35.5;0.0
3;3500;JAMS;6516;197;;;;;6518;197;;;;;6517.0;0.0
3;3500;CROISSANTS;4239;115;;;;;4240;50;4241;65;;;4239.5;0.0
3;3500;VOLCANIC_ROCK_VOUCHER_9500;663;14;;;;;664;14;;;;;663.5;0.0
3;3500;SQUID_INK;1826;31;;;;;1829;1;1830;30;;;1827.5;0.0
3;3500;VOLCANIC_ROCK;10163;132;10162;66;;;10164;132;10165;66;;;10163.5;0.0
3;3500;DJEMBES;13299;70;;;;;13301;70;;;;;13300.0;0.0
3;3500;MAGNIFICENT_MACARONS;646;14;643;13;637;30;655;7;664;30;670;13;650.5;0.0
3;3500;VOLCANIC_ROCK_VOUCHER_10000;179;14;;;;;180;14;;;;;179.5;0.0
3;3500;VOLCANIC_ROCK_VOUCHER_9750;414;14;;;;;415;14;;;;;414.5;0.0
3;3500;PICNIC_BASKET1;58391;1;58390;13;58389;25;58400;1;58401;13;58402;25;58395.5;0.0
3;3500;PICNIC_BASKET2;30048;1;30047;38;;;30053;14;30054;25;;;30050.5;0.0
3;3500;KELP;2040;31;;;;;2043;31;;;;;2041.5;0.0
3;3500;VOLCANIC_ROCK_VOUCHER_10500;3;14;;;;;4;14;;;;;3.5;0.0
3;3600;MAGNIFICENT_MACARONS;649;14;646;19;640;23;658;7;667;23;673;19;653.5;0.0
3;3600;DJEMBES;13299;69;;;;;13301;69;;;;;13300.0;0.0
3;3600;VOLCANIC_ROCK_VOUCHER_10500;3;20;;;;;4;20;;;;;3.5;0.0
3;3600;VOLCANIC_ROCK_VOUCHER_9500;661;20;;;;;663;20;;;;;662.0;0.0
3;3600;VOLCANIC_ROCK_VOUCHER_9750;413;20;;;;;414;20;;;;;413.5;0.0
3;3600;PICNIC_BASKET1;58384;1;58383;19;58382;22;58393;1;58394;19;58395;22;58388.5;0.0
3;3600;PICNIC_BASKET2;30044;20;30043;22;;;30050;42;;;;;30047.0;0.0
3;3600;VOLCANIC_ROCK_VOUCHER_10250;35;20;;;;;36;20;;;;;35.5;0.0
3;3600;CROISSANTS;4238;133;;;;;4240;133;;;;;4239.0;0.0
3;3600;JAMS;6517;89;6516;123;;;6518;89;6519;123;;;6517.5;0.0
3;3600;SQUID_INK;1828;4;1827;3;1826;24;1829;24;;;;;1828.5;0.0
3;3600;VOLCANIC_ROCK_VOUCHER_10000;176;20;;;;;177;20;;;;;176.5;0.0
3;3600;KELP;2042;4;2041;3;2040;24;2043;24;;;;;2042.5;0.0
3;3600;VOLCANIC_ROCK;10161;142;10160;54;;;10163;196;;;;;10162.0;0.0
3;3600;RAINFOREST_RESIN;9992;31;;;;;10008;31;;;;;10000.0;0.0
3;3700;SQUID_INK;1829;8;1828;27;;;1831;27;;;;;1830.0;0.0
3;3700;VOLCANIC_ROCK_VOUCHER_10000;178;20;;;;;179;20;;;;;178.5;0.0
3;3700;KELP;2040;35;;;;;2043;27;;;;;2041.5;0.0
3;3700;VOLCANIC_ROCK;10158;142;10157;56;;;10159;142;10160;56;;;10158.5;0.0
3;3700;VOLCANIC_ROCK_VOUCHER_10500;3;20;;;;;4;20;;;;;3.5;0.0
3;3700;DJEMBES;13299;69;;;;;13300;19;13301;50;;;13299.5;0.0
3;3700;RAINFOREST_RESIN;9992;30;;;;;10008;30;;;;;10000.0;0.0
3;3700;VOLCANIC_ROCK_VOUCHER_10250;34;20;;;;;35;20;;;;;34.5;0.0
3;3700;JAMS;6516;245;;;;;6518;245;;;;;6517.0;0.0
3;3700;VOLCANIC_ROCK_VOUCHER_9750;410;20;;;;;411;20;;;;;410.5;0.0
3;3700;PICNIC_BASKET1;58377;2;58376;37;;;58386;2;58387;18;58388;19;58381.5;0.0
3;3700;PICNIC_BASKET2;30046;2;30045;37;;;30051;20;30052;19;;;30048.5;0.0
3;3700;CROISSANTS;4238;91;;;;;4239;39;4240;52;;;4238.5;0.0
3;3700;MAGNIFICENT_MACARONS;650;14;647;18;641;25;659;7;668;25;674;18;654.5;0.0
3;3700;VOLCANIC_ROCK_VOUCHER_9500;658;20;;;;;659;20;;;;;658.5;0.0
3;3800;RAINFOREST_RESIN;9992;31;;;;;10008;31;;;;;10000.0;0.0
3;3800;VOLCANIC_ROCK_VOUCHER_9500;666;12;;;;;667;12;;;;;666.5;0.0
3;3800;VOLCANIC_ROCK_VOUCHER_9750;417;12;;;;;418;12;;;;;417.5;0.0
3;3800;PICNIC_BASKET1;58375;12;58374;19;;;58386;12;58387;19;;;58380.5;0.0
3;3800;PICNIC_BASKET2;30043;31;;;;;30049;12;30050;19;;;30046.0;0.0
3;3800;CROISSANTS;4238;142;;;;;4239;138;;;;;4238.5;0.0
3;3800;MAGNIFICENT_MACARONS;650;18;648;12;641;20;659;9;668;20;675;12;654.5;0.0
3;3800;SQUID_INK;1829;20;;;;;1832;20;;;;;1830.5;0.0
3;3800;VOLCANIC_ROCK;10166;150;10165;65;;;10167;144;10168;65;;;10166.5;0.0
3;3800;VOLCANIC_ROCK_VOUCHER_10500;3;12;;;;;4;12;;;;;3.5;0.0
3;3800;VOLCANIC_ROCK_VOUCHER_10250;36;12;;;;;37;12;;;;;36.5;0.0
3;3800;JAMS;6516;270;;;;;6518;270;;;;;6517.0;0.0
3;3800;VOLCANIC_ROCK_VOUCHER_10000;179;12;;;;;180;12;;;;;179.5;0.0
3;3800;DJEMBES;13299;51;;;;;13300;19;13301;32;;;13299.5;0.0
3;3800;KELP;2040;20;;;;;2043;20;;;;;2041.5;0.0
3;3900;DJEMBES;13299;56;;;;;13301;56;;;;;13300.0;0.0
3;3900;MAGNIFICENT_MACARONS;651;18;649;20;642;23;660;9;669;23;676;20;655.5;0.0
3;3900;VOLCANIC_ROCK_VOUCHER_9750;416;21;;;;;417;21;;;;;416.5;0.0
3;3900;PICNIC_BASKET1;58373;1;58372;20;58371;24;58382;1;58383;20;58384;24;58377.5;0.0
3;3900;VOLCANIC_ROCK_VOUCHER_10000;180;21;;;;;181;21;;;;;180.5;0.0
3;3900;PICNIC_BASKET2;30040;21;30039;24;;;30045;1;30046;44;;;30042.5;0.0
3;3900;KELP;2040;24;;;;;2043;24;;;;;2041.5;0.0
3;3900;VOLCANIC_ROCK_VOUCHER_10500;3;21;;;;;4;21;;;;;3.5;0.0
3;3900;RAINFOREST_RESIN;9992;35;;;;;10008;35;;;;;10000.0;0.0
3;3900;VOLCANIC_ROCK_VOUCHER_10250;36;21;;;;;37;21;;;;;36.5;0.0
3;3900;CROISSANTS;4238;45;4237;57;;;4239;102;;;;;4238.5;0.0
3;3900;JAMS;6516;235;;;;;6518;235;;;;;6517.0;0.0
3;3900;VOLCANIC_ROCK_VOUCHER_9500;665;21;;;;;666;21;;;;;665.5;0.0
3;3900;SQUID_INK;1829;24;;;;;1832;24;;;;;1830.5;0.0
3;3900;VOLCANIC_ROCK;10164;207;;;;;10166;142;10167;65;;;10165.0;0.0
3;4000;VOLCANIC_ROCK_VOUCHER_10250;35;16;;;;;36;16;;;;;35.5;0.0
3;4000;CROISSANTS;4238;140;;;;;4239;140;;;;;4238.5;0.0
3;4000;JAMS;6516;222;;;;;6518;222;;;;;6517.0;0.0
3;4000;SQUID_INK;1830;20;;;;;1833;20;;;;;1831.5;0.0
3;4000;VOLCANIC_ROCK_VOUCHER_10000;181;16;;;;;182;16;;;;;181.5;0.0
3;4000;KELP;2040;20;;;;;2043;20;;;;;2041.5;0.0
3;4000;VOLCANIC_ROCK;10162;180;;;;;10164;118;10165;62;;;10163.0;0.0
3;4000;RAINFOREST_RESIN;9992;27;;;;;10008;27;;;;;10000.0;0.0
3;4000;MAGNIFICENT_MACARONS;650;12;648;16;641;20;659;6;668;20;675;16;654.5;0.0
3;4000;DJEMBES;13300;26;13299;36;;;13301;62;;;;;13300.5;0.0
3;4000;VOLCANIC_ROCK_VOUCHER_10500;3;16;;;;;4;16;;;;;3.5;0.0
3;4000;VOLCANIC_ROCK_VOUCHER_9500;663;16;;;;;664;16;;;;;663.5;0.0
3;4000;VOLCANIC_ROCK_VOUCHER_9750;414;16;;;;;415;16;;;;;414.5;0.0
3;4000;PICNIC_BASKET1;58378;16;58377;26;;;58389;16;58390;26;;;58383.5;0.0
3;4000;PICNIC_BASKET2;30043;42;;;;;30049;16;30050;26;;;30046.0;0.0
3;4100;VOLCANIC_ROCK_VOUCHER_9750;413;17;;;;;414;17;;;;;413.5;0.0
3;4100;PICNIC_BASKET1;58369;1;58368;16;58367;28;58378;1;58379;16;58380;28;58373.5;0.0
3;4100;PICNIC_BASKET2;30042;17;30041;28;;;30048;45;;;;;30045.0;0.0
3;4100;MAGNIFICENT_MACARONS;645;18;643;16;636;20;654;9;663;20;670;16;649.5;0.0
3;4100;CROISSANTS;4238;158;;;;;4239;158;;;;;4238.5;0.0
3;4100;VOLCANIC_ROCK_VOUCHER_9500;662;17;;;;;664;17;;;;;663.0;0.0
3;4100;VOLCANIC_ROCK_VOUCHER_10000;180;17;;;;;182;17;;;;;181.0;0.0
3;4100;KELP;2040;21;;;;;2042;3;2043;21;;;2041.0;0.0
3;4100;VOLCANIC_ROCK;10162;132;10161;56;;;10164;188;;;;;10163.0;0.0
3;4100;VOLCANIC_ROCK_VOUCHER_10500;3;17;;;;;4;17;;;;;3.5;0.0
3;4100;SQUID_INK;1831;21;;;;;1833;3;1834;21;;;1832.0;0.0
3;4100;DJEMBES;13300;66;;;;;13301;66;;;;;13300.5;0.0
3;4100;RAINFOREST_RESIN;10002;5;9992;35;;;10008;35;;;;;10005.0;0.0
3;4100;VOLCANIC_ROCK_VOUCHER_10250;35;17;;;;;36;17;;;;;35.5;0.0
3;4100;JAMS;6516;94;6515;199;;;6517;94;6518;199;;;6516.5;0.0
3;4200;VOLCANIC_ROCK;10161;145;10160;57;;;10162;145;10163;57;;;10161.5;0.0
3;4200;VOLCANIC_ROCK_VOUCHER_10500;3;17;;;;;4;17;;;;;3.5;0.0
3;4200;VOLCANIC_ROCK_VOUCHER_10250;34;17;;;;;35;17;;;;;34.5;0.0
3;4200;JAMS;6515;214;;;;;6517;214;;;;;6516.0;0.0
3;4200;VOLCANIC_ROCK_VOUCHER_10000;181;17;;;;;182;17;;;;;181.5;0.0
3;4200;DJEMBES;13299;73;;;;;13300;73;;;;;13299.5;0.0
3;4200;KELP;2040;31;;;;;2043;31;;;;;2041.5;0.0
3;4200;RAINFOREST_RESIN;9992;26;;;;;10008;26;;;;;10000.0;0.0
3;4200;VOLCANIC_ROCK_VOUCHER_9500;661;17;;;;;662;17;;;;;661.5;0.0
3;4200;VOLCANIC_ROCK_VOUCHER_9750;412;17;;;;;413;17;;;;;412.5;0.0
3;4200;PICNIC_BASKET1;58369;15;58368;23;;;58379;2;58380;15;58381;23;58374.0;0.0
3;4200;PICNIC_BASKET2;30040;38;;;;;30046;17;30047;23;;;30043.0;0.0
3;4200;CROISSANTS;4238;144;;;;;4239;144;;;;;4238.5;0.0
3;4200;SQUID_INK;1832;31;;;;;1835;31;;;;;1833.5;0.0
3;4200;MAGNIFICENT_MACARONS;642;14;640;15;633;29;651;7;660;29;667;15;646.5;0.0
3;4300;RAINFOREST_RESIN;9992;29;;;;;10008;29;;;;;10000.0;0.0
3;4300;VOLCANIC_ROCK_VOUCHER_10250;33;10;;;;;34;10;;;;;33.5;0.0
3;4300;CROISSANTS;4238;93;;;;;4239;41;4240;52;;;4238.5;0.0
3;4300;JAMS;6515;163;;;;;6517;163;;;;;6516.0;0.0
3;4300;VOLCANIC_ROCK_VOUCHER_9500;657;10;;;;;658;10;;;;;657.5;0.0
3;4300;VOLCANIC_ROCK;10157;148;10156;68;;;10158;148;10159;68;;;10157.5;0.0
3;4300;SQUID_INK;1833;22;;;;;1836;27;;;;;1834.5;0.0
3;4300;MAGNIFICENT_MACARONS;644;18;641;10;635;27;653;9;662;27;668;10;648.5;0.0
3;4300;DJEMBES;13299;27;13298;43;;;13300;70;;;;;13299.5;0.0
3;4300;VOLCANIC_ROCK_VOUCHER_9750;409;10;;;;;410;10;;;;;409.5;0.0
3;4300;PICNIC_BASKET1;58366;10;58365;27;;;58377;10;58378;27;;;58371.5;0.0
3;4300;VOLCANIC_ROCK_VOUCHER_10000;176;10;;;;;177;10;;;;;176.5;0.0
3;4300;PICNIC_BASKET2;30041;10;30040;27;;;30047;37;;;;;30044.0;0.0
3;4300;KELP;2039;27;;;;;2040;5;2043;27;;;2039.5;0.0
3;4300;VOLCANIC_ROCK_VOUCHER_10500;3;10;;;;;4;10;;;;;3.5;0.0
3;4400;MAGNIFICENT_MACARONS;648;14;646;12;639;20;657;7;666;20;673;12;652.5;0.0
3;4400;DJEMBES;13298;53;;;;;13299;15;13300;38;;;13298.5;0.0
3;4400;VOLCANIC_ROCK_VOUCHER_10500;3;12;;;;;4;12;;;;;3.5;0.0
3;4400;VOLCANIC_ROCK_VOUCHER_9500;657;12;;;;;658;12;;;;;657.5;0.0
3;4400;VOLCANIC_ROCK_VOUCHER_9750;408;12;;;;;409;12;;;;;408.5;0.0
3;4400;PICNIC_BASKET1;58357;12;58356;15;;;58368;12;58369;15;;;58362.5;0.0
3;4400;PICNIC_BASKET2;30042;12;30041;15;;;30048;27;;;;;30045.0;0.0
3;4400;VOLCANIC_ROCK_VOUCHER_10250;33;12;;;;;34;12;;;;;33.5;0.0
3;4400;CROISSANTS;4238;127;;;;;4239;127;;;;;4238.5;0.0
3;4400;JAMS;6515;282;;;;;6517;282;;;;;6516.0;0.0
3;4400;SQUID_INK;1833;20;;;;;1837;20;;;;;1835.0;0.0
3;4400;VOLCANIC_ROCK_VOUCHER_10000;172;12;;;;;173;12;;;;;172.5;0.0
3;4400;KELP;2039;20;;;;;2043;20;;;;;2041.0;0.0
3;4400;VOLCANIC_ROCK;10156;170;;;;;10158;118;10159;52;;;10157.0;0.0
3;4400;RAINFOREST_RESIN;9992;28;;;;;10008;28;;;;;10000.0;0.0
3;4500;VOLCANIC_ROCK_VOUCHER_10000;177;21;;;;;178;21;;;;;177.5;0.0
3;4500;KELP;2039;24;;;;;2042;25;;;;;2040.5;0.0
3;4500;VOLCANIC_ROCK;10157;143;10156;70;;;10158;143;10159;70;;;10157.5;0.0
3;4500;VOLCANIC_ROCK_VOUCHER_10500;3;21;;;;;4;21;;;;;3.5;0.0
3;4500;SQUID_INK;1834;24;;;;;1837;25;;;;;1835.5;0.0
3;4500;DJEMBES;13299;64;;;;;13300;64;;;;;13299.5;0.0
3;4500;RAINFOREST_RESIN;9992;35;;;;;10008;35;;;;;10000.0;0.0
3;4500;VOLCANIC_ROCK_VOUCHER_10250;33;21;;;;;34;21;;;;;33.5;0.0
3;4500;JAMS;6515;170;;;;;6517;179;;;;;6516.0;0.0
3;4500;PICNIC_BASKET1;58364;1;58363;20;58362;29;58373;1;58374;20;58375;29;58368.5;0.0
3;4500;VOLCANIC_ROCK_VOUCHER_9750;409;21;;;;;410;21;;;;;409.5;0.0
3;4500;PICNIC_BASKET2;30041;50;;;;;30047;21;30048;29;;;30044.0;0.0
3;4500;MAGNIFICENT_MACARONS;647;12;644;20;638;24;656;6;665;24;671;20;651.5;0.0
3;4500;CROISSANTS;4238;117;;;;;4239;117;;;;;4238.5;0.0
3;4500;VOLCANIC_ROCK_VOUCHER_9500;658;21;;;;;659;21;;;;;658.5;0.0
3;4600;RAINFOREST_RESIN;9992;31;;;;;10008;31;;;;;10000.0;0.0
3;4600;VOLCANIC_ROCK_VOUCHER_9500;660;16;;;;;661;16;;;;;660.5;0.0
3;4600;PICNIC_BASKET2;30043;2;30042;34;;;30048;2;30049;34;;;30045.5;0.0
3;4600;VOLCANIC_ROCK_VOUCHER_9750;411;16;;;;;412;16;;;;;411.5;0.0
3;4600;PICNIC_BASKET1;58364;2;58363;34;;;58373;2;58374;14;58375;20;58368.5;0.0
3;4600;CROISSANTS;4238;111;;;;;4239;111;;;;;4238.5;0.0
3;4600;SQUID_INK;1834;25;;;;;1837;25;;;;;1835.5;0.0
3;4600;MAGNIFICENT_MACARONS;644;10;642;14;635;23;653;5;662;23;669;14;648.5;0.0
3;4600;VOLCANIC_ROCK;10159;156;10158;40;;;10161;190;;;;;10160.0;0.0
3;4600;VOLCANIC_ROCK_VOUCHER_10500;3;16;;;;;4;16;;;;;3.5;0.0
3;4600;VOLCANIC_ROCK_VOUCHER_10250;34;16;;;;;35;16;;;;;34.5;0.0
3;4600;JAMS;6515;51;6514;173;;;6516;51;6517;173;;;6515.5;0.0
3;4600;VOLCANIC_ROCK_VOUCHER_10000;177;16;;;;;178;16;;;;;177.5;0.0
3;4600;DJEMBES;13299;58;;;;;13300;58;;;;;13299.5;0.0
3;4600;KELP;2039;25;;;;;2042;25;;;;;2040.5;0.0
3;4700;MAGNIFICENT_MACARONS;647;12;645;17;638;25;656;6;665;25;672;17;651.5;0.0
3;4700;DJEMBES;13299;64;;;;;13301;64;;;;;13300.0;0.0
3;4700;PICNIC_BASKET2;30045;40;;;;;30051;19;30052;21;;;30048.0;0.0
3;4700;VOLCANIC_ROCK_VOUCHER_9750;413;19;;;;;414;19;;;;;413.5;0.0
3;4700;PICNIC_BASKET1;58365;2;58364;38;;;58375;19;58376;21;;;58370.0;0.0
3;4700;VOLCANIC_ROCK_VOUCHER_10000;177;19;;;;;178;19;;;;;177.5;0.0
3;4700;KELP;2039;27;;;;;2042;27;;;;;2040.5;0.0
3;4700;VOLCANIC_ROCK_VOUCHER_10500;3;19;;;;;4;19;;;;;3.5;0.0
3;4700;RAINFOREST_RESIN;9992;26;;;;;9999;1;10008;26;;;9995.5;0.0
3;4700;VOLCANIC_ROCK_VOUCHER_10250;35;19;;;;;36;19;;;;;35.5;0.0
3;4700;CROISSANTS;4238;131;;;;;4239;131;;;;;4238.5;0.0
3;4700;JAMS;6515;93;6514;184;;;6516;93;6517;184;;;6515.5;0.0
3;4700;VOLCANIC_ROCK_VOUCHER_9500;662;19;;;;;663;19;;;;;662.5;0.0
3;4700;VOLCANIC_ROCK;10162;108;10161;64;;;10163;108;10164;64;;;10162.5;0.0
3;4700;SQUID_INK;1834;27;;;;;1837;27;;;;;1835.5;0.0
3;4800;VOLCANIC_ROCK_VOUCHER_10250;34;19;;;;;35;19;;;;;34.5;0.0
3;4800;CROISSANTS;4238;101;;;;;4239;46;4240;55;;;4238.5;0.0
3;4800;JAMS;6515;233;;;;;6517;233;;;;;6516.0;0.0
3;4800;SQUID_INK;1834;30;;;;;1837;30;;;;;1835.5;0.0
3;4800;VOLCANIC_ROCK_VOUCHER_10000;179;19;;;;;180;19;;;;;179.5;0.0
3;4800;KELP;2039;30;;;;;2042;30;;;;;2040.5;0.0
3;4800;RAINFOREST_RESIN;9992;27;;;;;10008;27;;;;;10000.0;0.0
3;4800;VOLCANIC_ROCK;10160;138;10159;54;;;10161;138;10162;54;;;10160.5;0.0
3;4800;MAGNIFICENT_MACARONS;645;14;642;18;636;29;654;7;663;29;669;18;649.5;0.0
3;4800;DJEMBES;13300;64;;;;;13301;64;;;;;13300.5;0.0
3;4800;VOLCANIC_ROCK_VOUCHER_10500;3;19;;;;;4;19;;;;;3.5;0.0
3;4800;VOLCANIC_ROCK_VOUCHER_9500;660;19;;;;;661;19;;;;;660.5;0.0
3;4800;PICNIC_BASKET2;30048;1;30047;38;;;30053;19;30054;20;;;30050.5;0.0
3;4800;VOLCANIC_ROCK_VOUCHER_9750;412;19;;;;;413;19;;;;;412.5;0.0
3;4800;PICNIC_BASKET1;58366;19;58365;20;;;58376;19;58377;20;;;58371.0;0.0
3;4900;PICNIC_BASKET2;30048;13;30047;24;;;30054;37;;;;;30051.0;0.0
3;4900;VOLCANIC_ROCK_VOUCHER_9750;410;25;;;;;411;13;;;;;410.5;0.0
3;4900;PICNIC_BASKET1;58367;37;;;;;58378;13;58379;24;;;58372.5;0.0
3;4900;MAGNIFICENT_MACARONS;644;16;642;13;635;27;653;8;662;27;669;13;648.5;0.0
3;4900;CROISSANTS;4238;102;;;;;4239;49;4240;53;;;4238.5;0.0
3;4900;VOLCANIC_ROCK_VOUCHER_9500;659;25;;;;;660;13;;;;;659.5;0.0
3;4900;VOLCANIC_ROCK_VOUCHER_10000;175;25;;;;;176;13;;;;;175.5;0.0
3;4900;KELP;2039;33;;;;;2042;27;;;;;2040.5;0.0
3;4900;VOLCANIC_ROCK;10158;155;;;;;10160;108;10161;47;;;10159.0;0.0
3;4900;VOLCANIC_ROCK_VOUCHER_10500;3;25;;;;;4;13;;;;;3.5;0.0
3;4900;SQUID_INK;1835;6;1834;27;;;1838;27;;;;;1836.5;0.0
3;4900;DJEMBES;13300;61;;;;;13302;61;;;;;13301.0;0.0
3;4900;RAINFOREST_RESIN;9992;29;;;;;10008;29;;;;;10000.0;0.0
3;4900;VOLCANIC_ROCK_VOUCHER_10250;34;25;;;;;35;13;;;;;34.5;0.0
3;4900;JAMS;6515;161;;;;;6517;161;;;;;6516.0;0.0
3;5000;VOLCANIC_ROCK_VOUCHER_10500;3;20;;;;;4;20;;;;;3.5;0.0
3;5000;VOLCANIC_ROCK;10157;147;10156;43;;;10158;137;10159;43;;;10157.5;0.0
3;5000;VOLCANIC_ROCK_VOUCHER_10250;33;20;;;;;34;20;;;;;33.5;0.0
3;5000;JAMS;6515;242;;;;;6517;242;;;;;6516.0;0.0
3;5000;VOLCANIC_ROCK_VOUCHER_10000;179;20;;;;;180;20;;;;;179.5;0.0
3;5000;DJEMBES;13300;63;;;;;13301;24;13302;39;;;13300.5;0.0
3;5000;KELP;2039;22;;;;;2042;2;2043;20;;;2040.5;0.0
3;5000;RAINFOREST_RESIN;9992;32;;;;;10008;32;;;;;10000.0;0.0
3;5000;VOLCANIC_ROCK_VOUCHER_9500;657;20;;;;;658;20;;;;;657.5;0.0
3;5000;PICNIC_BASKET2;30047;2;30046;42;;;30049;8;30052;2;30053;42;30048.0;0.0
3;5000;VOLCANIC_ROCK_VOUCHER_9750;408;20;;;;;409;20;;;;;408.5;0.0
3;5000;PICNIC_BASKET1;58367;2;58366;18;58365;24;58371;8;58376;2;58377;18;58369.0;0.0
3;5000;CROISSANTS;4238;129;;;;;4239;129;;;;;4238.5;0.0
3;5000;SQUID_INK;1835;22;;;;;1838;22;;;;;1836.5;0.0
3;5000;MAGNIFICENT_MACARONS;646;10;643;18;637;20;655;5;664;20;670;18;650.5;0.0
3;5100;RAINFOREST_RESIN;9992;27;;;;;10008;27;;;;;10000.0;0.0
3;5100;VOLCANIC_ROCK_VOUCHER_10250;34;40;;;;;35;22;;;;;34.5;0.0
3;5100;CROISSANTS;4238;153;;;;;4239;153;;;;;4238.5;0.0
3;5100;JAMS;6515;218;;;;;6517;218;;;;;6516.0;0.0
3;5100;VOLCANIC_ROCK_VOUCHER_9500;659;20;658;20;;;660;22;;;;;659.5;0.0
3;5100;VOLCANIC_ROCK;10158;109;10157;51;;;10160;160;;;;;10159.0;0.0
3;5100;SQUID_INK;1835;22;;;;;1838;22;;;;;1836.5;0.0
3;5100;MAGNIFICENT_MACARONS;647;12;645;20;638;20;656;6;665;20;672;20;651.5;0.0
3;5100;DJEMBES;13298;61;;;;;13300;61;;;;;13299.0;0.0
3;5100;PICNIC_BASKET2;30047;50;;;;;30053;22;30054;28;;;30050.0;0.0
3;5100;VOLCANIC_ROCK_VOUCHER_9750;410;40;;;;;411;22;;;;;410.5;0.0
3;5100;PICNIC_BASKET1;58371;2;58370;48;;;58380;2;58381;20;58382;28;58375.5;0.0
3;5100;VOLCANIC_ROCK_VOUCHER_10000;179;40;;;;;180;22;;;;;179.5;0.0
3;5100;KELP;2039;22;;;;;2042;2;2043;20;;;2040.5;0.0
3;5100;VOLCANIC_ROCK_VOUCHER_10500;3;40;;;;;4;22;;;;;3.5;0.0
3;5200;MAGNIFICENT_MACARONS;647;10;644;10;638;27;656;5;665;27;671;10;651.5;0.0
3;5200;DJEMBES;13298;68;;;;;13299;28;13300;40;;;13298.5;0.0
3;5200;VOLCANIC_ROCK_VOUCHER_10500;3;12;;;;;4;12;;;;;3.5;0.0
3;5200;VOLCANIC_ROCK_VOUCHER_9500;653;12;;;;;654;12;;;;;653.5;0.0
3;5200;PICNIC_BASKET2;30048;12;30047;28;;;30054;40;;;;;30051.0;0.0
3;5200;VOLCANIC_ROCK_VOUCHER_9750;405;12;;;;;406;12;;;;;405.5;0.0
3;5200;PICNIC_BASKET1;58376;2;58375;10;58374;28;58385;2;58386;38;;;58380.5;0.0
3;5200;VOLCANIC_ROCK_VOUCHER_10250;32;12;;;;;33;12;;;;;32.5;0.0
3;5200;CROISSANTS;4238;125;;;;;4239;125;;;;;4238.5;0.0
3;5200;JAMS;6516;68;6515;162;;;6517;68;6518;162;;;6516.5;0.0
3;5200;SQUID_INK;1835;36;;;;;1838;29;;;;;1836.5;0.0
3;5200;VOLCANIC_ROCK_VOUCHER_10000;171;12;;;;;172;12;;;;;171.5;0.0
3;5200;KELP;2039;36;;;;;2042;29;;;;;2040.5;0.0
3;5200;RAINFOREST_RESIN;9992;34;;;;;10008;34;;;;;10000.0;0.0
3;5200;VOLCANIC_ROCK;10153;101;10152;46;;;10154;101;10155;46;;;10153.5;0.0
3;5300;VOLCANIC_ROCK_VOUCHER_10000;175;13;;;;;176;13;;;;;175.5;0.0
3;5300;VOLCANIC_ROCK;10157;124;10156;51;;;10159;175;;;;;10158.0;0.0
3;5300;KELP;2039;24;;;;;2042;24;;;;;2040.5;0.0
3;5300;VOLCANIC_ROCK_VOUCHER_10500;3;13;;;;;4;13;;;;;3.5;0.0
3;5300;SQUID_INK;1835;24;;;;;1838;24;;;;;1836.5;0.0
3;5300;DJEMBES;13298;20;13297;50;;;13299;70;;;;;13298.5;0.0
3;5300;RAINFOREST_RESIN;9992;32;;;;;10008;32;;;;;10000.0;0.0
3;5300;VOLCANIC_ROCK_VOUCHER_10250;33;13;;;;;34;13;;;;;33.5;0.0
3;5300;JAMS;6516;84;6515;159;;;6517;84;6518;159;;;6516.5;0.0
3;5300;PICNIC_BASKET2;30046;33;;;;;30052;13;30053;20;;;30049.0;0.0
3;5300;VOLCANIC_ROCK_VOUCHER_9750;409;13;;;;;410;13;;;;;409.5;0.0
3;5300;PICNIC_BASKET1;58367;33;;;;;58378;13;58379;20;;;58372.5;0.0
3;5300;MAGNIFICENT_MACARONS;645;10;643;13;636;24;654;5;663;24;670;13;649.5;0.0
3;5300;CROISSANTS;4238;120;;;;;4239;120;;;;;4238.5;0.0
3;5300;VOLCANIC_ROCK_VOUCHER_9500;658;13;;;;;659;13;;;;;658.5;0.0
3;5400;RAINFOREST_RESIN;9992;32;;;;;10008;32;;;;;10000.0;0.0
3;5400;VOLCANIC_ROCK_VOUCHER_9500;659;12;;;;;661;12;;;;;660.0;0.0
3;5400;PICNIC_BASKET2;30046;12;30045;19;;;30051;1;30052;30;;;30048.5;0.0
3;5400;VOLCANIC_ROCK_VOUCHER_9750;411;12;;;;;412;12;;;;;411.5;0.0
3;5400;PICNIC_BASKET1;58367;1;58366;11;58365;19;58376;1;58377;11;58378;19;58371.5;0.0
3;5400;CROISSANTS;4238;104;;;;;4239;104;;;;;4238.5;0.0
3;5400;SQUID_INK;1835;22;;;;;1838;21;;;;;1836.5;0.0
3;5400;MAGNIFICENT_MACARONS;643;18;640;11;634;20;652;9;661;20;667;11;647.5;0.0
3;5400;VOLCANIC_ROCK_VOUCHER_10500;3;12;;;;;4;12;;;;;3.5;0.0
3;5400;VOLCANIC_ROCK;10159;129;10158;57;;;10161;186;;;;;10160.0;0.0
3;5400;VOLCANIC_ROCK_VOUCHER_10250;34;12;;;;;35;12;;;;;34.5;0.0
3;5400;JAMS;6515;215;;;;;6517;215;;;;;6516.0;0.0
3;5400;VOLCANIC_ROCK_VOUCHER_10000;176;12;;;;;177;12;;;;;176.5;0.0
3;5400;DJEMBES;13298;63;;;;;13299;19;13300;44;;;13298.5;0.0
3;5400;KELP;2039;22;;;;;2042;21;;;;;2040.5;0.0
3;5500;MAGNIFICENT_MACARONS;645;12;642;19;636;29;654;6;663;29;669;19;649.5;0.0
3;5500;DJEMBES;13299;51;;;;;13300;51;;;;;13299.5;0.0
3;5500;PICNIC_BASKET2;30046;7;30044;21;30043;15;30049;2;30050;34;;;30047.5;0.0
3;5500;VOLCANIC_ROCK_VOUCHER_9750;410;21;;;;;411;21;;;;;410.5;0.0
3;5500;PICNIC_BASKET1;58370;7;58366;21;58365;15;58376;21;58377;15;;;58373.0;0.0
3;5500;VOLCANIC_ROCK_VOUCHER_10000;176;21;;;;;177;21;;;;;176.5;0.0
3;5500;KELP;2039;31;;;;;2042;31;;;;;2040.5;0.0
3;5500;VOLCANIC_ROCK_VOUCHER_10500;3;21;;;;;4;21;;;;;3.5;0.0
3;5500;RAINFOREST_RESIN;9992;30;;;;;10008;30;;;;;10000.0;0.0
3;5500;VOLCANIC_ROCK_VOUCHER_10250;34;21;;;;;35;21;;;;;34.5;0.0
3;5500;CROISSANTS;4238;133;;;;;4239;133;;;;;4238.5;0.0
3;5500;JAMS;6515;199;;;;;6517;199;;;;;6516.0;0.0
3;5500;VOLCANIC_ROCK_VOUCHER_9500;659;21;;;;;660;21;;;;;659.5;0.0
3;5500;VOLCANIC_ROCK;10158;194;;;;;10160;136;10161;58;;;10159.0;0.0
3;5500;SQUID_INK;1835;31;;;;;1838;31;;;;;1836.5;0.0
3;5600;VOLCANIC_ROCK_VOUCHER_10250;34;13;;;;;35;13;;;;;34.5;0.0
3;5600;CROISSANTS;4239;116;;;;;4240;116;;;;;4239.5;0.0
3;5600;JAMS;6514;217;;;;;6515;6;6516;217;;;6514.5;0.0
3;5600;SQUID_INK;1838;1;1837;27;;;1839;7;1841;28;;;1838.5;0.0
3;5600;VOLCANIC_ROCK_VOUCHER_10000;174;13;;;;;175;13;;;;;174.5;0.0
3;5600;KELP;2039;28;;;;;2041;7;2043;28;;;2040.0;0.0
3;5600;RAINFOREST_RESIN;9992;35;;;;;10008;35;;;;;10000.0;0.0
3;5600;VOLCANIC_ROCK;10159;147;10158;44;;;10160;147;10161;44;;;10159.5;0.0
3;5600;MAGNIFICENT_MACARONS;641;10;638;12;632;27;650;5;659;27;665;12;645.5;0.0
3;5600;DJEMBES;13299;60;;;;;13300;60;;;;;13299.5;0.0
3;5600;VOLCANIC_ROCK_VOUCHER_10500;3;13;;;;;4;13;;;;;3.5;0.0
3;5600;VOLCANIC_ROCK_VOUCHER_9500;659;13;;;;;660;13;;;;;659.5;0.0
3;5600;PICNIC_BASKET2;30050;1;30049;28;;;30055;1;30056;28;;;30052.5;0.0
3;5600;VOLCANIC_ROCK_VOUCHER_9750;411;13;;;;;412;13;;;;;411.5;0.0
3;5600;PICNIC_BASKET1;58372;1;58371;12;58370;16;58381;1;58382;12;58383;16;58376.5;0.0
3;5700;VOLCANIC_ROCK_VOUCHER_9500;660;11;;;;;661;11;;;;;660.5;0.0
3;5700;PICNIC_BASKET1;58379;11;58378;20;;;58384;4;58390;11;58391;20;58381.5;0.0
3;5700;PICNIC_BASKET2;30051;31;;;;;30054;4;30057;11;30058;20;30052.5;0.0
3;5700;MAGNIFICENT_MACARONS;642;10;640;11;633;21;651;5;660;21;667;11;646.5;0.0
3;5700;CROISSANTS;4239;133;;;;;4240;45;4241;88;;;4239.5;0.0
3;5700;VOLCANIC_ROCK_VOUCHER_9750;411;11;;;;;412;11;;;;;411.5;0.0
3;5700;VOLCANIC_ROCK_VOUCHER_10000;179;11;;;;;180;11;;;;;179.5;0.0
3;5700;VOLCANIC_ROCK;10159;106;10158;71;;;10160;106;10161;71;;;10159.5;0.0
3;5700;KELP;2039;20;;;;;2043;21;;;;;2041.0;0.0
3;5700;SQUID_INK;1838;20;;;;;1841;21;;;;;1839.5;0.0
3;5700;VOLCANIC_ROCK_VOUCHER_10500;3;11;;;;;4;11;;;;;3.5;0.0
3;5700;DJEMBES;13299;65;;;;;13300;65;;;;;13299.5;0.0
3;5700;JAMS;6514;240;;;;;6516;240;;;;;6515.0;0.0
3;5700;RAINFOREST_RESIN;9992;27;;;;;10008;27;;;;;10000.0;0.0
3;5700;VOLCANIC_ROCK_VOUCHER_10250;34;11;;;;;35;11;;;;;34.5;0.0
3;5800;VOLCANIC_ROCK_VOUCHER_10500;3;17;;;;;4;17;;;;;3.5;0.0
3;5800;VOLCANIC_ROCK;10158;117;10157;72;;;10159;117;10160;72;;;10158.5;0.0
3;5800;JAMS;6515;11;6514;256;;;6516;256;;;;;6515.5;0.0
3;5800;VOLCANIC_ROCK_VOUCHER_10250;34;17;;;;;35;17;;;;;34.5;0.0
3;5800;VOLCANIC_ROCK_VOUCHER_10000;177;17;;;;;178;17;;;;;177.5;0.0
3;5800;DJEMBES;13299;18;13298;35;;;13300;53;;;;;13299.5;0.0
3;5800;KELP;2039;30;;;;;2041;1;2042;1;2043;29;2040.0;0.0
3;5800;RAINFOREST_RESIN;9992;32;;;;;10008;32;;;;;10000.0;0.0
3;5800;PICNIC_BASKET1;58380;1;58379;16;58378;18;58389;1;58390;16;58391;18;58384.5;0.0
3;5800;PICNIC_BASKET2;30057;17;30056;18;;;30062;1;30063;34;;;30059.5;0.0
3;5800;CROISSANTS;4240;144;;;;;4241;144;;;;;4240.5;0.0
3;5800;SQUID_INK;1838;30;;;;;1840;1;1841;30;;;1839.0;0.0
3;5800;VOLCANIC_ROCK_VOUCHER_9750;410;17;;;;;411;17;;;;;410.5;0.0
3;5800;MAGNIFICENT_MACARONS;641;12;638;16;632;29;650;6;659;29;665;16;645.5;0.0
3;5800;VOLCANIC_ROCK_VOUCHER_9500;658;17;;;;;660;17;;;;;659.0;0.0
3;5900;CROISSANTS;4239;101;;;;;4241;101;;;;;4240.0;0.0
3;5900;JAMS;6514;230;;;;;6516;230;;;;;6515.0;0.0
3;5900;RAINFOREST_RESIN;9992;29;;;;;10008;29;;;;;10000.0;0.0
3;5900;VOLCANIC_ROCK_VOUCHER_10250;33;26;;;;;34;20;;;;;33.5;0.0
3;5900;VOLCANIC_ROCK_VOUCHER_9500;657;26;;;;;658;20;;;;;657.5;0.0
3;5900;VOLCANIC_ROCK;10157;121;10156;53;;;10158;122;10159;53;;;10157.5;0.0
3;5900;SQUID_INK;1838;23;;;;;1841;24;;;;;1839.5;0.0
3;5900;MAGNIFICENT_MACARONS;641;14;639;19;632;23;650;7;659;23;666;19;645.5;0.0
3;5900;DJEMBES;13298;56;;;;;13300;56;;;;;13299.0;0.0
3;5900;VOLCANIC_ROCK_VOUCHER_9750;408;26;;;;;409;20;;;;;408.5;0.0
3;5900;PICNIC_BASKET1;58377;1;58376;19;58375;22;58386;1;58387;19;58388;22;58381.5;0.0
3;5900;VOLCANIC_ROCK_VOUCHER_10000;173;26;;;;;174;20;;;;;173.5;0.0
3;5900;PICNIC_BASKET2;30056;20;30055;22;;;30061;1;30062;41;;;30058.5;0.0
3;5900;KELP;2039;23;;;;;2042;24;;;;;2040.5;0.0
3;5900;VOLCANIC_ROCK_VOUCHER_10500;3;26;;;;;4;20;;;;;3.5;0.0
3;6000;VOLCANIC_ROCK_VOUCHER_9750;412;19;;;;;413;19;;;;;412.5;0.0
3;6000;MAGNIFICENT_MACARONS;644;12;641;18;635;20;653;6;662;20;668;18;648.5;0.0
3;6000;VOLCANIC_ROCK_VOUCHER_9500;660;19;;;;;661;19;;;;;660.5;0.0
3;6000;DJEMBES;13299;19;13298;30;;;13300;49;;;;;13299.5;0.0
3;6000;VOLCANIC_ROCK_VOUCHER_10500;3;19;;;;;4;19;;;;;3.5;0.0
3;6000;PICNIC_BASKET1;58379;2;58375;1;58374;18;58384;1;58385;18;58386;19;58381.5;0.0
3;6000;PICNIC_BASKET2;30059;2;30057;19;30056;19;30062;1;30063;37;;;30060.5;0.0
3;6000;CROISSANTS;4240;57;4239;52;;;4241;109;;;;;4240.5;0.0
3;6000;JAMS;6514;215;;;;;6516;215;;;;;6515.0;0.0
3;6000;SQUID_INK;1838;27;;;;;1841;21;;;;;1839.5;0.0
3;6000;VOLCANIC_ROCK_VOUCHER_10250;34;19;;;;;35;19;;;;;34.5;0.0
3;6000;VOLCANIC_ROCK_VOUCHER_10000;180;19;;;;;181;19;;;;;180.5;0.0
3;6000;KELP;2039;27;;;;;2042;21;;;;;2040.5;0.0
3;6000;RAINFOREST_RESIN;9997;7;9992;30;;;10008;30;;;;;10002.5;0.0
3;6000;VOLCANIC_ROCK;10159;186;;;;;10161;145;10162;41;;;10160.0;0.0
3;6100;VOLCANIC_ROCK;10159;129;10158;65;;;10161;194;;;;;10160.0;0.0
3;6100;VOLCANIC_ROCK_VOUCHER_10000;180;13;;;;;181;13;;;;;180.5;0.0
3;6100;KELP;2039;29;;;;;2042;29;;;;;2040.5;0.0
3;6100;SQUID_INK;1838;29;;;;;1841;29;;;;;1839.5;0.0
3;6100;VOLCANIC_ROCK_VOUCHER_10500;3;13;;;;;4;13;;;;;3.5;0.0
3;6100;DJEMBES;13299;20;13298;39;;;13300;59;;;;;13299.5;0.0
3;6100;JAMS;6514;226;;;;;6516;226;;;;;6515.0;0.0
3;6100;RAINFOREST_RESIN;9992;35;;;;;9999;1;10008;35;;;9995.5;0.0
3;6100;VOLCANIC_ROCK_VOUCHER_10250;34;13;;;;;35;13;;;;;34.5;0.0
3;6100;VOLCANIC_ROCK_VOUCHER_9500;660;13;;;;;661;13;;;;;660.5;0.0
3;6100;PICNIC_BASKET1;58368;13;58367;20;;;58379;13;58380;20;;;58373.5;0.0
3;6100;PICNIC_BASKET2;30054;33;;;;;30061;33;;;;;30057.5;0.0
3;6100;MAGNIFICENT_MACARONS;640;12;637;13;631;29;649;6;658;29;664;13;644.5;0.0
3;6100;CROISSANTS;4239;110;;;;;4241;110;;;;;4240.0;0.0
3;6100;VOLCANIC_ROCK_VOUCHER_9750;411;13;;;;;412;13;;;;;411.5;0.0
3;6200;RAINFOREST_RESIN;9992;30;;;;;10008;30;;;;;10000.0;0.0
3;6200;PICNIC_BASKET1;58364;10;58363;22;;;58375;10;58376;22;;;58369.5;0.0
3;6200;PICNIC_BASKET2;30054;32;;;;;30060;10;30061;22;;;30057.0;0.0
3;6200;CROISSANTS;4239;99;;;;;4240;41;4241;58;;;4239.5;0.0
3;6200;SQUID_INK;1837;26;;;;;1841;26;;;;;1839.0;0.0
3;6200;VOLCANIC_ROCK_VOUCHER_9750;408;20;;;;;409;10;;;;;408.5;0.0
3;6200;VOLCANIC_ROCK_VOUCHER_9500;657;20;;;;;658;10;;;;;657.5;0.0
3;6200;MAGNIFICENT_MACARONS;638;20;635;10;629;26;647;10;656;26;662;10;642.5;0.0
3;6200;VOLCANIC_ROCK_VOUCHER_10500;3;20;;;;;4;10;;;;;3.5;0.0
3;6200;VOLCANIC_ROCK;10157;113;10156;61;;;10158;121;10159;61;;;10157.5;0.0
3;6200;KELP;2038;26;;;;;2042;26;;;;;2040.0;0.0
3;6200;JAMS;6514;255;;;;;6516;255;;;;;6515.0;0.0
3;6200;VOLCANIC_ROCK_VOUCHER_10250;33;20;;;;;34;10;;;;;33.5;0.0
3;6200;VOLCANIC_ROCK_VOUCHER_10000;179;20;;;;;180;10;;;;;179.5;0.0
3;6200;DJEMBES;13299;69;;;;;13300;69;;;;;13299.5;0.0
3;6300;MAGNIFICENT_MACARONS;635;16;633;14;626;21;644;8;653;21;660;14;639.5;0.0
3;6300;DJEMBES;13299;62;;;;;13300;62;;;;;13299.5;0.0
3;6300;VOLCANIC_ROCK_VOUCHER_9750;409;14;;;;;410;14;;;;;409.5;0.0
3;6300;PICNIC_BASKET1;58361;11;58360;27;;;58372;41;;;;;58366.5;0.0
3;6300;VOLCANIC_ROCK_VOUCHER_10000;174;14;;;;;175;14;;;;;174.5;0.0
3;6300;PICNIC_BASKET2;30055;38;;;;;30061;14;30062;27;;;30058.0;0.0
3;6300;KELP;2038;21;;;;;2042;21;;;;;2040.0;0.0
3;6300;VOLCANIC_ROCK_VOUCHER_10500;3;14;;;;;4;14;;;;;3.5;0.0
3;6300;CROISSANTS;4239;114;;;;;4240;52;4241;62;;;4239.5;0.0
3;6300;JAMS;6514;248;;;;;6516;248;;;;;6515.0;0.0
3;6300;RAINFOREST_RESIN;10001;1;9992;31;;;10008;31;;;;;10004.5;0.0
3;6300;VOLCANIC_ROCK_VOUCHER_10250;33;14;;;;;34;14;;;;;33.5;0.0
3;6300;VOLCANIC_ROCK_VOUCHER_9500;657;14;;;;;658;14;;;;;657.5;0.0
3;6300;VOLCANIC_ROCK;10157;101;10156;73;;;10158;101;10159;73;;;10157.5;0.0
3;6300;SQUID_INK;1836;21;;;;;1839;21;;;;;1837.5;0.0
3;6400;CROISSANTS;4239;105;;;;;4240;37;4241;68;;;4239.5;0.0
3;6400;KELP;2039;1;2038;22;;;2042;23;;;;;2040.5;0.0
3;6400;JAMS;6514;255;;;;;6516;255;;;;;6515.0;0.0
3;6400;SQUID_INK;1837;23;;;;;1840;23;;;;;1838.5;0.0
3;6400;VOLCANIC_ROCK_VOUCHER_10250;33;1;;;;;34;16;;;;;33.5;0.0
3;6400;VOLCANIC_ROCK_VOUCHER_10000;174;1;;;;;175;16;;;;;174.5;0.0
3;6400;RAINFOREST_RESIN;9992;31;;;;;10008;31;;;;;10000.0;0.0
3;6400;VOLCANIC_ROCK;10155;142;10154;43;;;10156;142;10157;43;;;10155.5;0.0
3;6400;VOLCANIC_ROCK_VOUCHER_9750;406;1;;;;;407;16;;;;;406.5;0.0
3;6400;VOLCANIC_ROCK_VOUCHER_9500;655;1;;;;;656;16;;;;;655.5;0.0
3;6400;MAGNIFICENT_MACARONS;638;18;635;15;629;22;647;9;656;22;662;15;642.5;0.0
3;6400;DJEMBES;13298;55;;;;;13299;55;;;;;13298.5;0.0
3;6400;VOLCANIC_ROCK_VOUCHER_10500;3;1;;;;;4;16;;;;;3.5;0.0
3;6400;PICNIC_BASKET1;58362;1;58361;15;58360;23;58371;1;58372;15;58373;23;58366.5;0.0
3;6400;PICNIC_BASKET2;30057;39;;;;;30063;16;30064;23;;;30060.0;0.0
3;6500;VOLCANIC_ROCK_VOUCHER_9500;656;12;;;;;657;12;;;;;656.5;0.0
3;6500;PICNIC_BASKET1;58362;12;58361;22;;;58372;12;58373;22;;;58367.0;0.0
3;6500;PICNIC_BASKET2;30057;34;;;;;30064;34;;;;;30060.5;0.0
3;6500;MAGNIFICENT_MACARONS;638;12;636;12;629;21;647;6;656;21;663;12;642.5;0.0
3;6500;CROISSANTS;4239;129;;;;;4241;129;;;;;4240.0;0.0
3;6500;VOLCANIC_ROCK_VOUCHER_9750;408;12;;;;;409;12;;;;;408.5;0.0
3;6500;VOLCANIC_ROCK;10156;105;10155;50;;;10157;115;10158;50;;;10156.5;0.0
3;6500;VOLCANIC_ROCK_VOUCHER_10000;174;12;;;;;175;12;;;;;174.5;0.0
3;6500;KELP;2038;21;;;;;2042;21;;;;;2040.0;0.0
3;6500;SQUID_INK;1836;21;;;;;1839;21;;;;;1837.5;0.0
3;6500;VOLCANIC_ROCK_VOUCHER_10500;3;12;;;;;4;12;;;;;3.5;0.0
3;6500;DJEMBES;13298;64;;;;;13300;64;;;;;13299.0;0.0
3;6500;JAMS;6514;81;6513;128;;;6515;81;6516;128;;;6514.5;0.0
3;6500;RAINFOREST_RESIN;9992;27;;;;;10008;27;;;;;10000.0;0.0
3;6500;VOLCANIC_ROCK_VOUCHER_10250;33;12;;;;;34;12;;;;;33.5;0.0
3;6600;VOLCANIC_ROCK_VOUCHER_10500;3;16;;;;;4;16;;;;;3.5;0.0
3;6600;VOLCANIC_ROCK;10156;102;10155;67;;;10158;169;;;;;10157.0;0.0
3;6600;KELP;2039;7;2038;28;;;2042;28;;;;;2040.5;0.0
3;6600;JAMS;6514;61;6513;115;;;6515;61;6516;115;;;6514.5;0.0
3;6600;VOLCANIC_ROCK_VOUCHER_10250;33;16;;;;;34;16;;;;;33.5;0.0
3;6600;VOLCANIC_ROCK_VOUCHER_10000;175;16;;;;;176;16;;;;;175.5;0.0
3;6600;DJEMBES;13299;26;13298;50;;;13300;76;;;;;13299.5;0.0
3;6600;RAINFOREST_RESIN;9992;25;;;;;10008;25;;;;;10000.0;0.0
3;6600;PICNIC_BASKET1;58363;1;58358;16;58357;26;58369;42;;;;;58366.0;0.0
3;6600;PICNIC_BASKET2;30064;1;30062;16;30061;26;30068;42;;;;;30066.0;0.0
3;6600;CROISSANTS;4239;119;;;;;4241;119;;;;;4240.0;0.0
3;6600;SQUID_INK;1837;7;1836;28;;;1840;28;;;;;1838.5;0.0
3;6600;VOLCANIC_ROCK_VOUCHER_9750;408;16;;;;;409;16;;;;;408.5;0.0
3;6600;VOLCANIC_ROCK_VOUCHER_9500;657;16;;;;;658;16;;;;;657.5;0.0
3;6600;MAGNIFICENT_MACARONS;638;18;635;16;629;28;647;9;656;28;663;16;642.5;0.0
3;6700;CROISSANTS;4239;129;;;;;4240;39;4241;90;;;4239.5;0.0
3;6700;JAMS;6513;227;;;;;6515;227;;;;;6514.0;0.0
3;6700;RAINFOREST_RESIN;9992;35;;;;;10008;35;;;;;10000.0;0.0
3;6700;VOLCANIC_ROCK_VOUCHER_10250;34;12;;;;;35;12;;;;;34.5;0.0
3;6700;VOLCANIC_ROCK_VOUCHER_9500;659;12;;;;;660;12;;;;;659.5;0.0
3;6700;VOLCANIC_ROCK;10158;144;10157;69;;;10159;144;10160;69;;;10158.5;0.0
3;6700;SQUID_INK;1836;28;;;;;1839;28;;;;;1837.5;0.0
3;6700;MAGNIFICENT_MACARONS;640;12;638;12;631;28;649;6;658;28;665;12;644.5;0.0
3;6700;VOLCANIC_ROCK_VOUCHER_9750;409;12;;;;;411;12;;;;;410.0;0.0
3;6700;PICNIC_BASKET1;58354;12;58353;24;;;58365;12;58366;24;;;58359.5;0.0
3;6700;VOLCANIC_ROCK_VOUCHER_10000;177;12;;;;;178;12;;;;;177.5;0.0
3;6700;PICNIC_BASKET2;30062;36;;;;;30068;12;30069;24;;;30065.0;0.0
3;6700;DJEMBES;13298;57;;;;;13299;57;;;;;13298.5;0.0
3;6700;KELP;2038;28;;;;;2042;28;;;;;2040.0;0.0
3;6700;VOLCANIC_ROCK_VOUCHER_10500;3;12;;;;;4;12;;;;;3.5;0.0
3;6800;VOLCANIC_ROCK_VOUCHER_9750;412;13;;;;;413;13;;;;;412.5;0.0
3;6800;VOLCANIC_ROCK_VOUCHER_9500;660;13;;;;;662;13;;;;;661.0;0.0
3;6800;MAGNIFICENT_MACARONS;640;12;637;13;631;29;649;6;658;29;664;13;644.5;0.0
3;6800;DJEMBES;13298;53;;;;;13299;16;13300;37;;;13298.5;0.0
3;6800;VOLCANIC_ROCK_VOUCHER_10500;3;13;;;;;4;13;;;;;3.5;0.0
3;6800;PICNIC_BASKET2;30065;29;;;;;30071;13;30072;16;;;30068.0;0.0
3;6800;PICNIC_BASKET1;58355;13;58354;16;;;58366;13;58367;16;;;58360.5;0.0
3;6800;CROISSANTS;4239;131;;;;;4240;46;4241;85;;;4239.5;0.0
3;6800;KELP;2038;29;;;;;2040;5;2042;29;;;2039.0;0.0
3;6800;SQUID_INK;1836;29;;;;;1838;5;1839;29;;;1837.0;0.0
3;6800;VOLCANIC_ROCK_VOUCHER_10250;34;13;;;;;35;13;;;;;34.5;0.0
3;6800;VOLCANIC_ROCK_VOUCHER_10000;177;13;;;;;178;13;;;;;177.5;0.0
3;6800;JAMS;6513;217;;;;;6515;217;;;;;6514.0;0.0
3;6800;RAINFOREST_RESIN;9992;28;;;;;10008;28;;;;;10000.0;0.0
3;6800;VOLCANIC_ROCK;10160;140;10159;65;;;10161;140;10162;65;;;10160.5;0.0
3;6900;VOLCANIC_ROCK;10161;105;10160;63;;;10162;105;10163;63;;;10161.5;0.0
3;6900;VOLCANIC_ROCK_VOUCHER_10000;178;15;;;;;180;15;;;;;179.0;0.0
3;6900;DJEMBES;13298;79;;;;;13299;29;13300;50;;;13298.5;0.0
3;6900;KELP;2038;22;;;;;2040;4;2041;2;2042;21;2039.0;0.0
3;6900;SQUID_INK;1836;22;;;;;1838;4;1839;23;;;1837.0;0.0
3;6900;VOLCANIC_ROCK_VOUCHER_10500;3;15;;;;;4;15;;;;;3.5;0.0
3;6900;JAMS;6513;231;;;;;6515;231;;;;;6514.0;0.0
3;6900;RAINFOREST_RESIN;9992;33;;;;;10008;33;;;;;10000.0;0.0
3;6900;VOLCANIC_ROCK_VOUCHER_10250;34;15;;;;;35;15;;;;;34.5;0.0
3;6900;VOLCANIC_ROCK_VOUCHER_9500;661;15;;;;;662;2;663;13;;;661.5;0.0
3;6900;PICNIC_BASKET2;30066;15;30065;29;;;30068;3;30071;2;30072;42;30067.0;0.0
3;6900;PICNIC_BASKET1;58351;2;58350;42;;;58355;3;58361;15;58362;29;58353.0;0.0
3;6900;MAGNIFICENT_MACARONS;643;16;640;13;634;21;652;8;661;21;667;13;647.5;0.0
3;6900;CROISSANTS;4239;99;;;;;4240;49;4241;50;;;4239.5;0.0
3;6900;VOLCANIC_ROCK_VOUCHER_9750;413;15;;;;;414;15;;;;;413.5;0.0
3;7000;RAINFOREST_RESIN;9992;25;;;;;10008;25;;;;;10000.0;0.0
3;7000;PICNIC_BASKET2;30062;1;30061;36;;;30067;18;30068;19;;;30064.5;0.0
3;7000;PICNIC_BASKET1;58350;1;58349;17;58348;19;58359;1;58360;17;58361;19;58354.5;0.0
3;7000;SQUID_INK;1837;26;;;;;1840;26;;;;;1838.5;0.0
3;7000;VOLCANIC_ROCK_VOUCHER_9750;410;18;;;;;411;18;;;;;410.5;0.0
3;7000;VOLCANIC_ROCK_VOUCHER_9500;659;18;;;;;660;18;;;;;659.5;0.0
3;7000;MAGNIFICENT_MACARONS;642;14;639;17;633;25;651;7;660;25;666;17;646.5;0.0
3;7000;CROISSANTS;4239;143;;;;;4240;143;;;;;4239.5;0.0
3;7000;DJEMBES;13298;57;;;;;13299;57;;;;;13298.5;0.0
3;7000;VOLCANIC_ROCK_VOUCHER_10500;3;18;;;;;4;18;;;;;3.5;0.0
3;7000;VOLCANIC_ROCK;10159;111;10158;69;;;10160;120;10161;69;;;10159.5;0.0
3;7000;KELP;2038;26;;;;;2042;26;;;;;2040.0;0.0
3;7000;VOLCANIC_ROCK_VOUCHER_10250;34;18;;;;;35;18;;;;;34.5;0.0
3;7000;JAMS;6513;96;6512;122;;;6514;99;6515;122;;;6513.5;0.0
3;7000;VOLCANIC_ROCK_VOUCHER_10000;178;18;;;;;179;18;;;;;178.5;0.0
3;7100;MAGNIFICENT_MACARONS;638;20;636;20;629;25;647;10;656;25;663;20;642.5;0.0
3;7100;VOLCANIC_ROCK_VOUCHER_9750;411;22;;;;;412;22;;;;;411.5;0.0
3;7100;PICNIC_BASKET2;30060;22;30059;18;;;30065;2;30066;38;;;30062.5;0.0
3;7100;PICNIC_BASKET1;58345;22;58344;18;;;58355;22;58356;18;;;58350.0;0.0
3;7100;VOLCANIC_ROCK_VOUCHER_10000;179;22;;;;;180;22;;;;;179.5;0.0
3;7100;DJEMBES;13297;66;;;;;13299;66;;;;;13298.0;0.0
3;7100;KELP;2038;27;;;;;2042;27;;;;;2040.0;0.0
3;7100;VOLCANIC_ROCK_VOUCHER_10500;3;22;;;;;4;22;;;;;3.5;0.0
3;7100;CROISSANTS;4239;129;;;;;4240;139;;;;;4239.5;0.0
3;7100;JAMS;6513;74;6512;117;;;6514;74;6515;117;;;6513.5;0.0
3;7100;RAINFOREST_RESIN;9992;30;;;;;10003;2;10008;30;;;9997.5;0.0
3;7100;VOLCANIC_ROCK_VOUCHER_10250;34;22;;;;;35;22;;;;;34.5;0.0
3;7100;VOLCANIC_ROCK_VOUCHER_9500;660;22;;;;;661;22;;;;;660.5;0.0
3;7100;VOLCANIC_ROCK;10159;129;10158;48;;;10161;177;;;;;10160.0;0.0
3;7100;SQUID_INK;1839;27;;;;;1842;27;;;;;1840.5;0.0
3;7200;KELP;2041;1;2038;24;;;2042;24;;;;;2041.5;0.0
3;7200;SQUID_INK;1844;1;1842;24;;;1845;24;;;;;1844.5;0.0
3;7200;VOLCANIC_ROCK_VOUCHER_10250;33;14;;;;;34;14;;;;;33.5;0.0
3;7200;CROISSANTS;4238;115;;;;;4239;59;4240;56;;;4238.5;0.0
3;7200;JAMS;6513;3;6512;214;;;6514;214;;;;;6513.5;0.0
3;7200;VOLCANIC_ROCK_VOUCHER_10000;176;14;;;;;177;14;;;;;176.5;0.0
3;7200;RAINFOREST_RESIN;9992;32;;;;;10008;32;;;;;10000.0;0.0
3;7200;VOLCANIC_ROCK;10157;128;10156;53;;;10158;128;10159;53;;;10157.5;0.0
3;7200;VOLCANIC_ROCK_VOUCHER_9750;409;14;;;;;410;14;;;;;409.5;0.0
3;7200;VOLCANIC_ROCK_VOUCHER_9500;657;14;;;;;658;14;;;;;657.5;0.0
3;7200;MAGNIFICENT_MACARONS;638;14;636;14;629;24;643;8;647;7;656;24;640.5;0.0
3;7200;DJEMBES;13296;63;;;;;13297;63;;;;;13296.5;0.0
3;7200;VOLCANIC_ROCK_VOUCHER_10500;3;14;;;;;4;14;;;;;3.5;0.0
3;7200;PICNIC_BASKET2;30055;36;;;;;30061;14;30062;22;;;30058.0;0.0
3;7200;PICNIC_BASKET1;58341;14;58340;22;;;58352;14;58353;22;;;58346.5;0.0
3;7300;VOLCANIC_ROCK_VOUCHER_9500;657;15;;;;;659;15;;;;;658.0;0.0
3;7300;PICNIC_BASKET2;30058;2;30057;38;;;30063;15;30064;25;;;30060.5;0.0
3;7300;PICNIC_BASKET1;58336;15;58335;25;;;58346;2;58347;38;;;58341.0;0.0
3;7300;CROISSANTS;4238;126;;;;;4239;65;4240;61;;;4238.5;0.0
3;7300;MAGNIFICENT_MACARONS;643;16;640;13;634;30;652;8;661;30;667;13;647.5;0.0
3;7300;VOLCANIC_ROCK_VOUCHER_9750;408;15;;;;;409;15;;;;;408.5;0.0
3;7300;VOLCANIC_ROCK;10157;140;10156;64;;;10159;204;;;;;10158.0;0.0
3;7300;VOLCANIC_ROCK_VOUCHER_10000;172;15;;;;;173;15;;;;;172.5;0.0
3;7300;SQUID_INK;1843;32;;;;;1846;32;;;;;1844.5;0.0
3;7300;DJEMBES;13295;55;;;;;13297;55;;;;;13296.0;0.0
3;7300;KELP;2038;32;;;;;2042;32;;;;;2040.0;0.0
3;7300;VOLCANIC_ROCK_VOUCHER_10500;3;15;;;;;4;15;;;;;3.5;0.0
3;7300;JAMS;6512;249;;;;;6514;249;;;;;6513.0;0.0
3;7300;RAINFOREST_RESIN;9992;27;;;;;10008;27;;;;;10000.0;0.0
3;7300;VOLCANIC_ROCK_VOUCHER_10250;33;15;;;;;34;15;;;;;33.5;0.0
3;7400;DJEMBES;13292;72;;;;;13293;72;;;;;13292.5;0.0
3;7400;VOLCANIC_ROCK_VOUCHER_10500;3;10;;;;;4;10;;;;;3.5;0.0
3;7400;VOLCANIC_ROCK;10160;180;;;;;10162;139;10163;41;;;10161.0;0.0
3;7400;KELP;2038;26;;;;;2042;26;;;;;2040.0;0.0
3;7400;VOLCANIC_ROCK_VOUCHER_10250;34;10;;;;;35;10;;;;;34.5;0.0
3;7400;JAMS;6512;174;;;;;6514;174;;;;;6513.0;0.0
3;7400;VOLCANIC_ROCK_VOUCHER_10000;181;10;;;;;182;10;;;;;181.5;0.0
3;7400;RAINFOREST_RESIN;9992;29;;;;;10008;29;;;;;10000.0;0.0
3;7400;PICNIC_BASKET2;30058;34;;;;;30064;10;30065;24;;;30061.0;0.0
3;7400;PICNIC_BASKET1;58329;34;;;;;58340;10;58341;24;;;58334.5;0.0
3;7400;SQUID_INK;1843;26;;;;;1846;26;;;;;1844.5;0.0
3;7400;VOLCANIC_ROCK_VOUCHER_9750;412;10;;;;;413;10;;;;;412.5;0.0
3;7400;VOLCANIC_ROCK_VOUCHER_9500;661;10;;;;;662;10;;;;;661.5;0.0
3;7400;CROISSANTS;4238;111;;;;;4239;111;;;;;4238.5;0.0
3;7400;MAGNIFICENT_MACARONS;639;16;636;10;630;26;648;8;657;26;663;10;643.5;0.0
3;7500;CROISSANTS;4238;97;;;;;4239;97;;;;;4238.5;0.0
3;7500;JAMS;6512;172;;;;;6514;172;;;;;6513.0;0.0
3;7500;RAINFOREST_RESIN;9992;35;;;;;10008;35;;;;;10000.0;0.0
3;7500;VOLCANIC_ROCK_VOUCHER_10250;35;18;;;;;36;18;;;;;35.5;0.0
3;7500;VOLCANIC_ROCK_VOUCHER_9500;663;18;;;;;664;18;;;;;663.5;0.0
3;7500;VOLCANIC_ROCK;10163;112;10162;44;;;10164;112;10165;44;;;10163.5;0.0
3;7500;SQUID_INK;1842;26;;;;;1845;26;;;;;1843.5;0.0
3;7500;MAGNIFICENT_MACARONS;637;14;635;16;628;24;646;7;655;24;662;16;641.5;0.0
3;7500;VOLCANIC_ROCK_VOUCHER_9750;414;18;;;;;415;18;;;;;414.5;0.0
3;7500;PICNIC_BASKET2;30057;2;30056;37;;;30062;18;30063;21;;;30059.5;0.0
3;7500;PICNIC_BASKET1;58324;18;58323;21;;;58334;18;58335;21;;;58329.0;0.0
3;7500;VOLCANIC_ROCK_VOUCHER_10000;182;18;;;;;183;18;;;;;182.5;0.0
3;7500;DJEMBES;13289;69;;;;;13290;21;13291;48;;;13289.5;0.0
3;7500;KELP;2038;26;;;;;2042;26;;;;;2040.0;0.0
3;7500;VOLCANIC_ROCK_VOUCHER_10500;3;18;;;;;4;18;;;;;3.5;0.0
3;7600;VOLCANIC_ROCK_VOUCHER_9750;419;13;;;;;420;13;;;;;419.5;0.0
3;7600;VOLCANIC_ROCK_VOUCHER_9500;668;13;;;;;669;13;;;;;668.5;0.0
3;7600;MAGNIFICENT_MACARONS;635;16;632;12;626;26;644;8;653;26;659;12;639.5;0.0
3;7600;DJEMBES;13289;47;;;;;13290;15;13291;32;;;13289.5;0.0
3;7600;VOLCANIC_ROCK_VOUCHER_10500;3;13;;;;;4;13;;;;;3.5;0.0
3;7600;PICNIC_BASKET2;30056;28;;;;;30062;13;30063;15;;;30059.0;0.0
3;7600;PICNIC_BASKET1;58320;1;58319;12;58318;15;58329;1;58330;12;58331;15;58324.5;0.0
3;7600;SQUID_INK;1844;1;1843;7;1842;27;1845;27;;;;;1844.5;0.0
3;7600;KELP;2040;1;2038;34;;;2041;27;;;;;2040.5;0.0
3;7600;VOLCANIC_ROCK_VOUCHER_10250;36;13;;;;;37;13;;;;;36.5;0.0
3;7600;CROISSANTS;4238;131;;;;;4239;131;;;;;4238.5;0.0
3;7600;JAMS;6512;194;;;;;6514;194;;;;;6513.0;0.0
3;7600;VOLCANIC_ROCK_VOUCHER_10000;183;13;;;;;184;13;;;;;183.5;0.0
3;7600;RAINFOREST_RESIN;10001;1;9992;27;;;10008;27;;;;;10004.5;0.0
3;7600;VOLCANIC_ROCK;10167;202;;;;;10169;133;10170;69;;;10168.0;0.0
3;7700;VOLCANIC_ROCK;10164;122;10163;76;;;10165;122;10166;76;;;10164.5;0.0
3;7700;VOLCANIC_ROCK_VOUCHER_10000;179;13;;;;;180;13;;;;;179.5;0.0
3;7700;SQUID_INK;1840;26;;;;;1842;5;1843;26;;;1841.0;0.0
3;7700;DJEMBES;13288;58;;;;;13289;58;;;;;13288.5;0.0
3;7700;KELP;2038;26;;;;;2040;5;2041;26;;;2039.0;0.0
3;7700;VOLCANIC_ROCK_VOUCHER_10500;3;13;;;;;4;13;;;;;3.5;0.0
3;7700;JAMS;6512;83;6511;155;;;6513;83;6514;155;;;6512.5;0.0
3;7700;RAINFOREST_RESIN;9992;30;;;;;10008;30;;;;;10000.0;0.0
3;7700;VOLCANIC_ROCK_VOUCHER_10250;35;13;;;;;36;13;;;;;35.5;0.0
3;7700;VOLCANIC_ROCK_VOUCHER_9500;664;13;;;;;665;13;;;;;664.5;0.0
3;7700;PICNIC_BASKET2;30051;13;30050;19;;;30057;32;;;;;30054.0;0.0
3;7700;PICNIC_BASKET1;58322;13;58321;19;;;58333;13;58334;19;;;58327.5;0.0
3;7700;CROISSANTS;4238;36;4237;83;;;4239;119;;;;;4238.5;0.0
3;7700;MAGNIFICENT_MACARONS;637;14;634;13;628;26;646;7;655;26;661;13;641.5;0.0
3;7700;VOLCANIC_ROCK_VOUCHER_9750;416;13;;;;;417;13;;;;;416.5;0.0
3;7800;RAINFOREST_RESIN;9992;32;;;;;10008;32;;;;;10000.0;0.0
3;7800;PICNIC_BASKET2;30049;13;30048;20;;;30055;13;30056;20;;;30052.0;0.0
3;7800;PICNIC_BASKET1;58324;1;58323;12;58322;20;58333;1;58334;12;58335;20;58328.5;0.0
3;7800;SQUID_INK;1841;24;;;;;1843;6;1844;24;;;1842.0;0.0
3;7800;VOLCANIC_ROCK_VOUCHER_9750;416;13;;;;;417;13;;;;;416.5;0.0
3;7800;VOLCANIC_ROCK_VOUCHER_9500;664;13;;;;;666;13;;;;;665.0;0.0
3;7800;CROISSANTS;4238;127;;;;;4239;127;;;;;4238.5;0.0
3;7800;MAGNIFICENT_MACARONS;639;12;637;12;630;23;648;6;657;23;664;12;643.5;0.0
3;7800;DJEMBES;13289;56;;;;;13290;56;;;;;13289.5;0.0
3;7800;VOLCANIC_ROCK_VOUCHER_10500;3;13;;;;;4;13;;;;;3.5;0.0
3;7800;VOLCANIC_ROCK;10164;150;10163;75;;;10165;143;10166;75;;;10164.5;0.0
3;7800;KELP;2038;24;;;;;2040;6;2041;24;;;2039.0;0.0
3;7800;VOLCANIC_ROCK_VOUCHER_10250;35;13;;;;;36;13;;;;;35.5;0.0
3;7800;JAMS;6512;74;6511;160;;;6513;74;6514;160;;;6512.5;0.0
3;7800;VOLCANIC_ROCK_VOUCHER_10000;181;13;;;;;182;13;;;;;181.5;0.0
3;7900;MAGNIFICENT_MACARONS;640;18;637;19;631;30;649;9;658;30;664;19;644.5;0.0
3;7900;VOLCANIC_ROCK_VOUCHER_9750;417;21;;;;;418;21;;;;;417.5;0.0
3;7900;PICNIC_BASKET1;58326;21;58325;16;;;58336;2;58337;35;;;58331.0;0.0
3;7900;PICNIC_BASKET2;30053;2;30052;35;;;30058;21;30059;16;;;30055.5;0.0
3;7900;VOLCANIC_ROCK_VOUCHER_10500;3;21;;;;;4;21;;;;;3.5;0.0
3;7900;VOLCANIC_ROCK_VOUCHER_10000;182;21;;;;;183;21;;;;;182.5;0.0
3;7900;DJEMBES;13289;63;;;;;13290;63;;;;;13289.5;0.0
3;7900;KELP;2040;1;2038;32;;;2041;2;2042;30;;;2040.5;0.0
3;7900;JAMS;6512;78;6511;167;;;6513;78;6514;167;;;6512.5;0.0
3;7900;CROISSANTS;4238;125;;;;;4239;125;;;;;4238.5;0.0
3;7900;RAINFOREST_RESIN;9992;28;;;;;10008;28;;;;;10000.0;0.0
3;7900;VOLCANIC_ROCK_VOUCHER_10250;36;21;;;;;37;21;;;;;36.5;0.0
3;7900;VOLCANIC_ROCK;10166;144;10165;44;;;10167;144;10168;44;;;10166.5;0.0
3;7900;VOLCANIC_ROCK_VOUCHER_9500;666;21;;;;;667;21;;;;;666.5;0.0
3;7900;SQUID_INK;1843;1;1841;32;;;1844;32;;;;;1843.5;0.0
3;8000;SQUID_INK;1839;22;;;;;1841;4;1842;22;;;1840.0;0.0
3;8000;VOLCANIC_ROCK_VOUCHER_10000;183;17;;;;;184;17;;;;;183.5;0.0
3;8000;KELP;2038;22;;;;;2040;4;2041;22;;;2039.0;0.0
3;8000;VOLCANIC_ROCK_VOUCHER_10250;35;17;;;;;36;17;;;;;35.5;0.0
3;8000;JAMS;6511;70;6510;173;;;6512;70;6513;173;;;6511.5;0.0
3;8000;CROISSANTS;4238;113;;;;;4239;113;;;;;4238.5;0.0
3;8000;VOLCANIC_ROCK;10164;202;;;;;10166;136;10167;66;;;10165.0;0.0
3;8000;VOLCANIC_ROCK_VOUCHER_9750;416;17;;;;;417;17;;;;;416.5;0.0
3;8000;PICNIC_BASKET1;58322;1;58321;16;58320;29;58331;1;58332;16;58333;29;58326.5;0.0
3;8000;PICNIC_BASKET2;30048;1;30047;45;;;30053;17;30054;29;;;30050.5;0.0
3;8000;RAINFOREST_RESIN;9992;26;;;;;9998;5;10008;26;;;9995.0;0.0
3;8000;MAGNIFICENT_MACARONS;641;14;639;16;632;21;650;7;659;21;666;16;645.5;0.0
3;8000;VOLCANIC_ROCK_VOUCHER_9500;665;17;;;;;666;17;;;;;665.5;0.0
3;8000;DJEMBES;13289;29;13288;45;;;13290;74;;;;;13289.5;0.0
3;8000;VOLCANIC_ROCK_VOUCHER_10500;3;17;;;;;4;17;;;;;3.5;0.0
3;8100;RAINFOREST_RESIN;9992;27;;;;;9999;1;10008;27;;;9995.5;0.0
3;8100;VOLCANIC_ROCK_VOUCHER_9500;664;12;;;;;666;12;;;;;665.0;0.0
3;8100;CROISSANTS;4238;55;4237;100;;;4239;155;;;;;4238.5;0.0
3;8100;MAGNIFICENT_MACARONS;641;10;639;12;632;20;650;5;659;20;666;12;645.5;0.0
3;8100;VOLCANIC_ROCK_VOUCHER_9750;416;12;;;;;417;12;;;;;416.5;0.0
3;8100;PICNIC_BASKET1;58324;12;58323;25;;;58335;37;;;;;58329.5;0.0
3;8100;PICNIC_BASKET2;30046;37;;;;;30052;12;30053;25;;;30049.0;0.0
3;8100;VOLCANIC_ROCK;10164;133;10163;50;;;10166;183;;;;;10165.0;0.0
3;8100;VOLCANIC_ROCK_VOUCHER_10500;3;12;;;;;4;12;;;;;3.5;0.0
3;8100;SQUID_INK;1838;20;;;;;1841;20;;;;;1839.5;0.0
3;8100;VOLCANIC_ROCK_VOUCHER_10000;184;12;;;;;185;12;;;;;184.5;0.0
3;8100;DJEMBES;13289;64;;;;;13290;64;;;;;13289.5;0.0
3;8100;KELP;2038;20;;;;;2041;20;;;;;2039.5;0.0
3;8100;VOLCANIC_ROCK_VOUCHER_10250;35;12;;;;;36;12;;;;;35.5;0.0
3;8100;JAMS;6511;274;;;;;6513;274;;;;;6512.0;0.0
3;8200;DJEMBES;13292;27;13291;48;;;13293;75;;;;;13292.5;0.0
3;8200;VOLCANIC_ROCK;10162;194;;;;;10164;118;10165;76;;;10163.0;0.0
3;8200;VOLCANIC_ROCK_VOUCHER_10500;3;18;;;;;4;18;;;;;3.5;0.0
3;8200;VOLCANIC_ROCK_VOUCHER_10000;179;18;;;;;180;18;;;;;179.5;0.0
3;8200;KELP;2038;25;;;;;2042;25;;;;;2040.0;0.0
3;8200;RAINFOREST_RESIN;9992;29;;;;;9999;1;10008;29;;;9995.5;0.0
3;8200;VOLCANIC_ROCK_VOUCHER_10250;35;18;;;;;36;18;;;;;35.5;0.0
3;8200;JAMS;6511;246;;;;;6513;246;;;;;6512.0;0.0
3;8200;SQUID_INK;1838;25;;;;;1841;25;;;;;1839.5;0.0
3;8200;VOLCANIC_ROCK_VOUCHER_9750;414;18;;;;;415;18;;;;;414.5;0.0
3;8200;PICNIC_BASKET1;58330;2;58329;16;58328;27;58339;2;58340;16;58341;27;58334.5;0.0
3;8200;PICNIC_BASKET2;30049;2;30048;43;;;30054;18;30055;27;;;30051.5;0.0
3;8200;CROISSANTS;4238;127;;;;;4239;127;;;;;4238.5;0.0
3;8200;MAGNIFICENT_MACARONS;639;20;636;16;630;23;648;10;657;23;663;16;643.5;0.0
3;8200;VOLCANIC_ROCK_VOUCHER_9500;663;18;;;;;664;18;;;;;663.5;0.0
3;8300;VOLCANIC_ROCK_VOUCHER_10250;;;;;;;34;4;35;15;;;34.0;0.0
3;8300;CROISSANTS;4238;120;;;;;4239;120;;;;;4238.5;0.0
3;8300;JAMS;6512;55;6511;142;;;6513;55;6514;142;;;6512.5;0.0
3;8300;VOLCANIC_ROCK;10160;132;10159;72;;;10162;132;10163;72;;;10161.0;0.0
3;8300;VOLCANIC_ROCK_VOUCHER_9500;;;;;;;661;4;662;15;;;661.0;0.0
3;8300;SQUID_INK;1840;24;;;;;1843;24;;;;;1841.5;0.0
3;8300;MAGNIFICENT_MACARONS;642;16;639;13;633;22;651;8;660;22;666;13;646.5;0.0
3;8300;VOLCANIC_ROCK_VOUCHER_9750;;;;;;;412;4;413;15;;;412.0;0.0
3;8300;PICNIC_BASKET1;58336;2;58335;13;58334;19;58345;2;58346;13;58347;19;58340.5;0.0
3;8300;PICNIC_BASKET2;30053;2;30052;32;;;30058;15;30059;19;;;30055.5;0.0
3;8300;VOLCANIC_ROCK_VOUCHER_10500;;;;;;;3;4;4;15;;;3.0;0.0
3;8300;RAINFOREST_RESIN;9992;31;;;;;10008;31;;;;;10000.0;0.0
3;8300;VOLCANIC_ROCK_VOUCHER_10000;;;;;;;179;4;180;15;;;179.0;0.0
3;8300;DJEMBES;13294;62;;;;;13295;62;;;;;13294.5;0.0
3;8300;KELP;2038;24;;;;;2041;24;;;;;2039.5;0.0
3;8400;VOLCANIC_ROCK_VOUCHER_9750;414;15;;;;;415;15;;;;;414.5;0.0
3;8400;PICNIC_BASKET1;58325;15;58324;19;;;58336;15;58337;19;;;58330.5;0.0
3;8400;PICNIC_BASKET2;30053;15;30052;19;;;30059;34;;;;;30056.0;0.0
3;8400;RAINFOREST_RESIN;9992;27;;;;;10008;27;;;;;10000.0;0.0
3;8400;VOLCANIC_ROCK_VOUCHER_9500;663;15;;;;;664;15;;;;;663.5;0.0
3;8400;DJEMBES;13294;61;;;;;13295;19;13296;42;;;13294.5;0.0
3;8400;VOLCANIC_ROCK_VOUCHER_10500;3;15;;;;;4;15;;;;;3.5;0.0
3;8400;VOLCANIC_ROCK_VOUCHER_10000;182;15;;;;;183;15;;;;;182.5;0.0
3;8400;KELP;2039;2;2038;24;;;2041;24;;;;;2040.0;0.0
3;8400;VOLCANIC_ROCK_VOUCHER_10250;35;15;;;;;36;15;;;;;35.5;0.0
3;8400;CROISSANTS;4238;56;4237;75;;;4239;131;;;;;4238.5;0.0
3;8400;JAMS;6511;234;;;;;6513;234;;;;;6512.0;0.0
3;8400;MAGNIFICENT_MACARONS;642;10;640;15;633;24;651;5;660;24;667;15;646.5;0.0
3;8400;VOLCANIC_ROCK;10163;9;10162;195;;;10164;116;10165;79;;;10163.5;0.0
3;8400;SQUID_INK;1842;2;1841;24;;;1844;24;;;;;1843.0;0.0
3;8500;VOLCANIC_ROCK;10169;109;10168;53;;;10170;109;10171;53;;;10169.5;0.0
3;8500;VOLCANIC_ROCK_VOUCHER_10500;3;20;;;;;4;20;;;;;3.5;0.0
3;8500;MAGNIFICENT_MACARONS;642;16;639;18;633;28;651;8;660;28;667;18;646.5;0.0
3;8500;VOLCANIC_ROCK_VOUCHER_10000;186;20;;;;;187;20;;;;;186.5;0.0
3;8500;DJEMBES;13294;58;;;;;13296;58;;;;;13295.0;0.0
3;8500;KELP;2038;2;2037;28;;;2041;30;;;;;2039.5;0.0
3;8500;VOLCANIC_ROCK_VOUCHER_10250;37;20;;;;;38;20;;;;;37.5;0.0
3;8500;JAMS;6511;188;;;;;6513;188;;;;;6512.0;0.0
3;8500;SQUID_INK;1841;30;;;;;1844;30;;;;;1842.5;0.0
3;8500;RAINFOREST_RESIN;10001;1;9992;35;;;10008;35;;;;;10004.5;0.0
3;8500;VOLCANIC_ROCK_VOUCHER_9500;669;20;;;;;671;20;;;;;670.0;0.0
3;8500;CROISSANTS;4238;85;;;;;4239;85;;;;;4238.5;0.0
3;8500;VOLCANIC_ROCK_VOUCHER_9750;420;20;;;;;421;20;;;;;420.5;0.0
3;8500;PICNIC_BASKET1;58336;7;58332;2;58331;18;58341;2;58342;18;58343;28;58338.5;0.0
3;8500;PICNIC_BASKET2;30057;7;30055;20;30054;28;30060;2;30061;46;;;30058.5;0.0
3;8600;SQUID_INK;1841;22;;;;;1844;22;;;;;1842.5;0.0
3;8600;VOLCANIC_ROCK_VOUCHER_9750;419;22;;;;;420;22;;;;;419.5;0.0
3;8600;PICNIC_BASKET1;58336;2;58335;20;58334;26;58345;2;58346;20;58347;26;58340.5;0.0
3;8600;PICNIC_BASKET2;30057;2;30056;46;;;30062;2;30063;46;;;30059.5;0.0
3;8600;CROISSANTS;4238;122;;;;;4239;122;;;;;4238.5;0.0
3;8600;VOLCANIC_ROCK_VOUCHER_9500;668;22;;;;;669;22;;;;;668.5;0.0
3;8600;MAGNIFICENT_MACARONS;641;12;638;20;632;20;650;6;659;20;665;20;645.5;0.0
3;8600;DJEMBES;13295;58;;;;;13296;58;;;;;13295.5;0.0
3;8600;VOLCANIC_ROCK;10168;111;10167;75;;;10169;111;10170;75;;;10168.5;0.0
3;8600;VOLCANIC_ROCK_VOUCHER_10500;3;22;;;;;4;22;;;;;3.5;0.0
3;8600;VOLCANIC_ROCK_VOUCHER_10000;183;22;;;;;184;22;;;;;183.5;0.0
3;8600;KELP;2037;22;;;;;2040;22;;;;;2038.5;0.0
3;8600;RAINFOREST_RESIN;9992;26;;;;;10008;26;;;;;10000.0;0.0
3;8600;VOLCANIC_ROCK_VOUCHER_10250;37;22;;;;;38;22;;;;;37.5;0.0
3;8600;JAMS;6512;86;6511;138;;;6513;86;6514;138;;;6512.5;0.0
3;8700;VOLCANIC_ROCK_VOUCHER_9750;416;12;;;;;417;12;;;;;416.5;0.0
3;8700;PICNIC_BASKET1;58333;2;58332;33;;;58342;2;58343;10;58344;23;58337.5;0.0
3;8700;PICNIC_BASKET2;30055;12;30054;23;;;30060;2;30061;33;;;30057.5;0.0
3;8700;VOLCANIC_ROCK_VOUCHER_10500;3;12;;;;;4;12;;;;;3.5;0.0
3;8700;RAINFOREST_RESIN;9992;28;;;;;10003;5;10008;28;;;9997.5;0.0
3;8700;VOLCANIC_ROCK_VOUCHER_10000;184;12;;;;;185;12;;;;;184.5;0.0
3;8700;DJEMBES;13295;56;;;;;13296;23;13297;33;;;13295.5;0.0
3;8700;KELP;2039;1;2037;28;;;2041;28;;;;;2040.0;0.0
3;8700;VOLCANIC_ROCK_VOUCHER_10250;35;12;;;;;36;12;;;;;35.5;0.0
3;8700;CROISSANTS;4238;107;;;;;4239;107;;;;;4238.5;0.0
3;8700;JAMS;6511;271;;;;;6513;271;;;;;6512.0;0.0
3;8700;SQUID_INK;1843;1;1841;28;;;1844;28;;;;;1843.5;0.0
3;8700;VOLCANIC_ROCK;10164;123;10163;69;;;10166;192;;;;;10165.0;0.0
3;8700;VOLCANIC_ROCK_VOUCHER_9500;664;12;;;;;666;12;;;;;665.0;0.0
3;8700;MAGNIFICENT_MACARONS;642;20;640;10;633;26;651;10;660;26;667;10;646.5;0.0
3;8800;VOLCANIC_ROCK_VOUCHER_10000;183;21;;;;;184;21;;;;;183.5;0.0
3;8800;KELP;2038;1;2037;30;;;2041;30;;;;;2039.5;0.0
3;8800;VOLCANIC_ROCK_VOUCHER_10250;36;21;;;;;37;21;;;;;36.5;0.0
3;8800;CROISSANTS;4238;128;;;;;4240;128;;;;;4239.0;0.0
3;8800;JAMS;6512;86;6511;108;;;6513;86;6514;108;;;6512.5;0.0
3;8800;MAGNIFICENT_MACARONS;638;20;636;19;629;28;647;10;656;28;663;19;642.5;0.0
3;8800;VOLCANIC_ROCK;10165;129;10164;70;;;10167;199;;;;;10166.0;0.0
3;8800;SQUID_INK;1841;1;1840;30;;;1843;2;1844;28;;;1842.0;0.0
3;8800;VOLCANIC_ROCK_VOUCHER_9750;417;21;;;;;418;21;;;;;417.5;0.0
3;8800;PICNIC_BASKET1;58339;2;58338;49;;;58348;2;58349;19;58350;30;58343.5;0.0
3;8800;PICNIC_BASKET2;30059;2;30058;49;;;30064;21;30065;30;;;30061.5;0.0
3;8800;RAINFOREST_RESIN;9992;30;;;;;10008;30;;;;;10000.0;0.0
3;8800;VOLCANIC_ROCK_VOUCHER_9500;666;21;;;;;667;21;;;;;666.5;0.0
3;8800;DJEMBES;13296;77;;;;;13297;77;;;;;13296.5;0.0
3;8800;VOLCANIC_ROCK_VOUCHER_10500;3;21;;;;;4;21;;;;;3.5;0.0
3;8900;RAINFOREST_RESIN;9997;8;9992;32;;;10008;32;;;;;10002.5;0.0
3;8900;VOLCANIC_ROCK_VOUCHER_9500;664;27;;;;;665;13;;;;;664.5;0.0
3;8900;CROISSANTS;4239;44;4238;70;;;4240;114;;;;;4239.5;0.0
3;8900;VOLCANIC_ROCK_VOUCHER_9750;415;27;;;;;416;13;;;;;415.5;0.0
3;8900;PICNIC_BASKET1;58342;1;58341;12;58340;24;58351;1;58352;12;58353;24;58346.5;0.0
3;8900;PICNIC_BASKET2;30062;1;30061;36;;;30067;13;30068;24;;;30064.5;0.0
3;8900;VOLCANIC_ROCK;10163;169;;;;;10165;102;10166;67;;;10164.0;0.0
3;8900;VOLCANIC_ROCK_VOUCHER_10500;3;27;;;;;4;13;;;;;3.5;0.0
3;8900;MAGNIFICENT_MACARONS;640;18;638;12;631;25;649;9;658;25;665;12;644.5;0.0
3;8900;VOLCANIC_ROCK_VOUCHER_10000;183;27;;;;;184;13;;;;;183.5;0.0
3;8900;DJEMBES;13296;65;;;;;13297;24;13298;41;;;13296.5;0.0
3;8900;KELP;2037;26;;;;;2041;26;;;;;2039.0;0.0
3;8900;VOLCANIC_ROCK_VOUCHER_10250;35;27;;;;;36;13;;;;;35.5;0.0
3;8900;JAMS;6512;258;;;;;6514;258;;;;;6513.0;0.0
3;8900;SQUID_INK;1840;26;;;;;1843;26;;;;;1841.5;0.0
3;9000;MAGNIFICENT_MACARONS;637;20;634;13;628;26;646;10;655;26;661;13;641.5;0.0
3;9000;DJEMBES;13296;55;;;;;13297;55;;;;;13296.5;0.0
3;9000;VOLCANIC_ROCK;10159;196;;;;;10161;120;10162;76;;;10160.0;0.0
3;9000;VOLCANIC_ROCK_VOUCHER_10500;3;15;;;;;4;15;;;;;3.5;0.0
3;9000;VOLCANIC_ROCK_VOUCHER_10000;176;15;;;;;177;15;;;;;176.5;0.0
3;9000;KELP;2037;28;;;;;2041;28;;;;;2039.0;0.0
3;9000;RAINFOREST_RESIN;9992;33;;;;;9997;2;10008;33;;;9994.5;0.0
3;9000;VOLCANIC_ROCK_VOUCHER_10250;34;15;;;;;35;15;;;;;34.5;0.0
3;9000;JAMS;6512;246;;;;;6514;246;;;;;6513.0;0.0
3;9000;SQUID_INK;1839;28;;;;;1842;2;1843;26;;;1840.5;0.0
3;9000;PICNIC_BASKET2;30061;2;30060;31;;;30066;2;30067;31;;;30063.5;0.0
3;9000;VOLCANIC_ROCK_VOUCHER_9750;411;15;;;;;412;15;;;;;411.5;0.0
3;9000;PICNIC_BASKET1;58346;15;58345;18;;;58356;15;58357;18;;;58351.0;0.0
3;9000;CROISSANTS;4238;106;;;;;4240;106;;;;;4239.0;0.0
3;9000;VOLCANIC_ROCK_VOUCHER_9500;660;15;;;;;661;15;;;;;660.5;0.0
3;9100;VOLCANIC_ROCK_VOUCHER_10250;35;20;;;;;36;20;;;;;35.5;0.0
3;9100;JAMS;6513;77;6512;175;;;6514;77;6515;175;;;6513.5;0.0
3;9100;CROISSANTS;4239;125;;;;;4240;48;4241;77;;;4239.5;0.0
3;9100;SQUID_INK;1840;23;;;;;1843;22;;;;;1841.5;0.0
3;9100;VOLCANIC_ROCK;10161;110;10160;68;;;10163;178;;;;;10162.0;0.0
3;9100;VOLCANIC_ROCK_VOUCHER_9500;662;20;;;;;663;20;;;;;662.5;0.0
3;9100;MAGNIFICENT_MACARONS;640;18;638;19;631;21;649;9;658;21;665;19;644.5;0.0
3;9100;PICNIC_BASKET2;30067;20;30066;29;;;30072;1;30073;48;;;30069.5;0.0
3;9100;VOLCANIC_ROCK_VOUCHER_9750;413;20;;;;;414;20;;;;;413.5;0.0
3;9100;PICNIC_BASKET1;58348;1;58347;19;58346;29;58357;1;58358;19;58359;29;58352.5;0.0
3;9100;VOLCANIC_ROCK_VOUCHER_10500;3;20;;;;;4;20;;;;;3.5;0.0
3;9100;RAINFOREST_RESIN;9992;32;;;;;10008;32;;;;;10000.0;0.0
3;9100;VOLCANIC_ROCK_VOUCHER_10000;179;20;;;;;180;20;;;;;179.5;0.0
3;9100;DJEMBES;13296;76;;;;;13297;76;;;;;13296.5;0.0
3;9100;KELP;2038;2;2037;21;;;2041;22;;;;;2039.5;0.0
3;9200;PICNIC_BASKET2;30068;14;30067;19;;;30073;1;30074;32;;;30070.5;0.0
3;9200;VOLCANIC_ROCK_VOUCHER_9750;413;14;;;;;414;14;;;;;413.5;0.0
3;9200;PICNIC_BASKET1;58344;14;58343;19;;;58354;14;58355;19;;;58349.0;0.0
3;9200;RAINFOREST_RESIN;9992;32;;;;;10008;32;;;;;10000.0;0.0
3;9200;VOLCANIC_ROCK_VOUCHER_9500;662;14;;;;;663;14;;;;;662.5;0.0
3;9200;DJEMBES;13294;63;;;;;13295;63;;;;;13294.5;0.0
3;9200;VOLCANIC_ROCK_VOUCHER_10500;3;14;;;;;4;14;;;;;3.5;0.0
3;9200;VOLCANIC_ROCK_VOUCHER_10000;180;14;;;;;181;14;;;;;180.5;0.0
3;9200;KELP;2038;3;2037;29;;;2041;29;;;;;2039.5;0.0
3;9200;VOLCANIC_ROCK;10161;114;10160;68;;;10163;182;;;;;10162.0;0.0
3;9200;VOLCANIC_ROCK_VOUCHER_10250;35;14;;;;;36;14;;;;;35.5;0.0
3;9200;CROISSANTS;4239;155;;;;;4240;155;;;;;4239.5;0.0
3;9200;JAMS;6513;219;;;;;6515;219;;;;;6514.0;0.0
3;9200;MAGNIFICENT_MACARONS;640;12;637;13;631;28;649;6;658;28;664;13;644.5;0.0
3;9200;SQUID_INK;1840;32;;;;;1843;29;;;;;1841.5;0.0
3;9300;VOLCANIC_ROCK_VOUCHER_10500;3;21;;;;;4;21;;;;;3.5;0.0
3;9300;MAGNIFICENT_MACARONS;643;14;640;20;634;22;652;7;661;22;667;20;647.5;0.0
3;9300;VOLCANIC_ROCK_VOUCHER_10000;178;21;;;;;179;21;;;;;178.5;0.0
3;9300;DJEMBES;13291;65;;;;;13292;21;13293;44;;;13291.5;0.0
3;9300;KELP;2037;23;;;;;2040;23;;;;;2038.5;0.0
3;9300;VOLCANIC_ROCK_VOUCHER_10250;35;21;;;;;36;21;;;;;35.5;0.0
3;9300;JAMS;6513;256;;;;;6515;256;;;;;6514.0;0.0
3;9300;SQUID_INK;1839;23;;;;;1842;23;;;;;1840.5;0.0
3;9300;VOLCANIC_ROCK;10163;106;10162;73;;;10164;106;10165;73;;;10163.5;0.0
3;9300;RAINFOREST_RESIN;9992;32;;;;;10008;32;;;;;10000.0;0.0
3;9300;VOLCANIC_ROCK_VOUCHER_9500;663;21;;;;;664;1;665;20;;;663.5;0.0
3;9300;CROISSANTS;4239;106;;;;;4240;106;;;;;4239.5;0.0
3;9300;PICNIC_BASKET2;30066;21;30065;21;;;30071;1;30072;41;;;30068.5;0.0
3;9300;VOLCANIC_ROCK_VOUCHER_9750;415;21;;;;;416;21;;;;;415.5;0.0
3;9300;PICNIC_BASKET1;58342;1;58341;20;58340;21;58351;1;58352;20;58353;21;58346.5;0.0
3;9400;SQUID_INK;1841;29;;;;;1844;29;;;;;1842.5;0.0
3;9400;PICNIC_BASKET2;30066;1;30065;42;;;30071;1;30072;42;;;30068.5;0.0
3;9400;VOLCANIC_ROCK_VOUCHER_9750;414;20;;;;;415;1;416;19;;;414.5;0.0
3;9400;PICNIC_BASKET1;58339;20;58338;23;;;58349;20;58350;23;;;58344.0;0.0
3;9400;CROISSANTS;4239;91;;;;;4240;91;;;;;4239.5;0.0
3;9400;VOLCANIC_ROCK_VOUCHER_9500;663;20;;;;;665;20;;;;;664.0;0.0
3;9400;MAGNIFICENT_MACARONS;641;20;638;19;632;28;650;10;659;28;665;19;645.5;0.0
3;9400;DJEMBES;13291;73;;;;;13292;73;;;;;13291.5;0.0
3;9400;VOLCANIC_ROCK_VOUCHER_10500;3;20;;;;;4;20;;;;;3.5;0.0
3;9400;VOLCANIC_ROCK_VOUCHER_10000;178;20;;;;;179;20;;;;;178.5;0.0
3;9400;KELP;2037;29;;;;;2040;29;;;;;2038.5;0.0
3;9400;VOLCANIC_ROCK;10163;109;10162;55;;;10164;109;10165;55;;;10163.5;0.0
3;9400;RAINFOREST_RESIN;9992;33;;;;;10008;33;;;;;10000.0;0.0
3;9400;VOLCANIC_ROCK_VOUCHER_10250;35;20;;;;;36;20;;;;;35.5;0.0
3;9400;JAMS;6513;155;;;;;6515;164;;;;;6514.0;0.0
3;9500;PICNIC_BASKET2;30066;18;30065;26;;;30072;44;;;;;30069.0;0.0
3;9500;VOLCANIC_ROCK_VOUCHER_9750;408;18;;;;;409;18;;;;;408.5;0.0
3;9500;PICNIC_BASKET1;58338;18;58337;26;;;58349;18;58350;26;;;58343.5;0.0
3;9500;VOLCANIC_ROCK_VOUCHER_10500;3;18;;;;;4;18;;;;;3.5;0.0
3;9500;RAINFOREST_RESIN;9992;33;;;;;9999;1;10008;33;;;9995.5;0.0
3;9500;VOLCANIC_ROCK_VOUCHER_10000;176;18;;;;;177;18;;;;;176.5;0.0
3;9500;DJEMBES;13291;76;;;;;13292;26;13293;50;;;13291.5;0.0
3;9500;KELP;2037;21;;;;;2041;21;;;;;2039.0;0.0
3;9500;VOLCANIC_ROCK_VOUCHER_10250;33;18;;;;;34;18;;;;;33.5;0.0
3;9500;CROISSANTS;4239;61;4238;88;;;4240;149;;;;;4239.5;0.0
3;9500;JAMS;6513;207;;;;;6515;207;;;;;6514.0;0.0
3;9500;SQUID_INK;1841;21;;;;;1844;21;;;;;1842.5;0.0
3;9500;VOLCANIC_ROCK;10157;122;10156;49;;;10158;122;10159;49;;;10157.5;0.0
3;9500;VOLCANIC_ROCK_VOUCHER_9500;657;18;;;;;659;18;;;;;658.0;0.0
3;9500;MAGNIFICENT_MACARONS;638;12;635;18;629;21;647;6;656;21;662;18;642.5;0.0
3;9600;VOLCANIC_ROCK_VOUCHER_10000;174;13;;;;;175;13;;;;;174.5;0.0
3;9600;VOLCANIC_ROCK;10158;108;10157;70;;;10159;108;10160;70;;;10158.5;0.0
3;9600;KELP;2038;4;2037;21;;;2041;21;;;;;2039.5;0.0
3;9600;VOLCANIC_ROCK_VOUCHER_10250;34;13;;;;;35;13;;;;;34.5;0.0
3;9600;CROISSANTS;4239;119;;;;;4240;119;;;;;4239.5;0.0
3;9600;JAMS;6513;178;;;;;6515;178;;;;;6514.0;0.0
3;9600;MAGNIFICENT_MACARONS;634;10;632;12;625;20;643;5;652;20;659;12;638.5;0.0
3;9600;SQUID_INK;1841;25;;;;;1844;21;;;;;1842.5;0.0
3;9600;PICNIC_BASKET2;30067;1;30066;32;;;30072;1;30073;32;;;30069.5;0.0
3;9600;VOLCANIC_ROCK_VOUCHER_9750;409;13;;;;;410;13;;;;;409.5;0.0
3;9600;PICNIC_BASKET1;58337;1;58336;12;58335;20;58346;1;58347;12;58348;20;58341.5;0.0
3;9600;RAINFOREST_RESIN;9992;25;;;;;10008;25;;;;;10000.0;0.0
3;9600;VOLCANIC_ROCK_VOUCHER_9500;658;13;;;;;659;13;;;;;658.5;0.0
3;9600;DJEMBES;13293;63;;;;;13294;63;;;;;13293.5;0.0
3;9600;VOLCANIC_ROCK_VOUCHER_10500;3;13;;;;;4;13;;;;;3.5;0.0
3;9700;RAINFOREST_RESIN;10001;1;9992;34;;;10008;34;;;;;10004.5;0.0
3;9700;VOLCANIC_ROCK_VOUCHER_9500;659;18;;;;;660;18;;;;;659.5;0.0
3;9700;CROISSANTS;4239;41;4238;96;;;4240;142;;;;;4239.5;0.0
3;9700;PICNIC_BASKET2;30064;47;;;;;30070;18;30071;29;;;30067.0;0.0
3;9700;VOLCANIC_ROCK_VOUCHER_9750;410;18;;;;;411;18;;;;;410.5;0.0
3;9700;PICNIC_BASKET1;58340;2;58339;16;58338;29;58349;2;58350;16;58351;29;58344.5;0.0
3;9700;VOLCANIC_ROCK_VOUCHER_10500;3;18;;;;;4;18;;;;;3.5;0.0
3;9700;MAGNIFICENT_MACARONS;635;18;632;16;626;23;644;9;653;23;659;16;639.5;0.0
3;9700;VOLCANIC_ROCK_VOUCHER_10000;177;18;;;;;178;18;;;;;177.5;0.0
3;9700;DJEMBES;13293;63;;;;;13295;63;;;;;13294.0;0.0
3;9700;KELP;2039;1;2037;25;;;2041;25;;;;;2040.0;0.0
3;9700;VOLCANIC_ROCK_VOUCHER_10250;34;18;;;;;35;18;;;;;34.5;0.0
3;9700;JAMS;6513;235;;;;;6515;235;;;;;6514.0;0.0
3;9700;SQUID_INK;1842;1;1840;25;;;1843;2;1844;23;;;1842.5;0.0
3;9700;VOLCANIC_ROCK;10158;115;10157;72;;;10160;187;;;;;10159.0;0.0
3;9800;MAGNIFICENT_MACARONS;634;10;632;19;625;27;643;5;652;27;659;19;638.5;0.0
3;9800;DJEMBES;13294;53;;;;;13295;20;13296;33;;;13294.5;0.0
3;9800;VOLCANIC_ROCK_VOUCHER_10500;3;20;;;;;4;20;;;;;3.5;0.0
3;9800;VOLCANIC_ROCK_VOUCHER_10000;179;20;;;;;180;20;;;;;179.5;0.0
3;9800;VOLCANIC_ROCK;10160;146;10159;47;;;10161;146;10162;47;;;10160.5;0.0
3;9800;KELP;2037;28;;;;;2039;3;2040;1;2041;27;2038.0;0.0
3;9800;RAINFOREST_RESIN;9992;35;;;;;10008;35;;;;;10000.0;0.0
3;9800;VOLCANIC_ROCK_VOUCHER_10250;34;20;;;;;35;20;;;;;34.5;0.0
3;9800;JAMS;6513;89;6512;107;;;6514;89;6515;107;;;6513.5;0.0
3;9800;SQUID_INK;1840;28;;;;;1842;3;1843;28;;;1841.0;0.0
3;9800;PICNIC_BASKET2;30066;1;30065;39;;;30071;20;30072;20;;;30068.5;0.0
3;9800;VOLCANIC_ROCK_VOUCHER_9750;412;20;;;;;413;20;;;;;412.5;0.0
3;9800;PICNIC_BASKET1;58340;20;58339;20;;;58350;20;58351;20;;;58345.0;0.0
3;9800;CROISSANTS;4239;62;4238;89;;;4240;151;;;;;4239.5;0.0
3;9800;VOLCANIC_ROCK_VOUCHER_9500;660;20;;;;;661;20;;;;;660.5;0.0
3;9900;VOLCANIC_ROCK_VOUCHER_10250;35;19;;;;;36;19;;;;;35.5;0.0
3;9900;CROISSANTS;4239;45;4238;84;;;4240;129;;;;;4239.5;0.0
3;9900;JAMS;6512;246;;;;;6514;246;;;;;6513.0;0.0
3;9900;SQUID_INK;1840;28;;;;;1843;28;;;;;1841.5;0.0
3;9900;VOLCANIC_ROCK;10162;5;10161;176;;;10163;112;10164;64;;;10162.5;0.0
3;9900;VOLCANIC_ROCK_VOUCHER_9500;662;19;;;;;663;19;;;;;662.5;0.0
3;9900;MAGNIFICENT_MACARONS;637;20;635;19;628;28;646;10;655;28;662;19;641.5;0.0
3;9900;PICNIC_BASKET2;30064;37;;;;;30070;19;30071;18;;;30067.0;0.0
3;9900;VOLCANIC_ROCK_VOUCHER_9750;414;19;;;;;415;19;;;;;414.5;0.0
3;9900;PICNIC_BASKET1;58336;19;58335;18;;;58347;19;58348;18;;;58341.5;0.0
3;9900;VOLCANIC_ROCK_VOUCHER_10500;3;19;;;;;4;19;;;;;3.5;0.0
3;9900;RAINFOREST_RESIN;9992;28;;;;;10008;28;;;;;10000.0;0.0
3;9900;VOLCANIC_ROCK_VOUCHER_10000;180;19;;;;;181;19;;;;;180.5;0.0
3;9900;DJEMBES;13295;18;13294;49;;;13296;67;;;;;13295.5;0.0
3;9900;KELP;2037;28;;;;;2041;28;;;;;2039.0;0.0
3;10000;PICNIC_BASKET2;30065;1;30064;36;;;30070;14;30071;23;;;30067.5;0.0
3;10000;VOLCANIC_ROCK_VOUCHER_9750;413;14;;;;;414;14;;;;;413.5;0.0
3;10000;PICNIC_BASKET1;58334;14;58333;23;;;58344;14;58345;23;;;58339.0;0.0
3;10000;RAINFOREST_RESIN;9992;29;;;;;10008;29;;;;;10000.0;0.0
3;10000;VOLCANIC_ROCK_VOUCHER_9500;662;14;;;;;663;14;;;;;662.5;0.0
3;10000;DJEMBES;13295;54;;;;;13296;54;;;;;13295.5;0.0
3;10000;VOLCANIC_ROCK_VOUCHER_10500;3;14;;;;;4;14;;;;;3.5;0.0
3;10000;VOLCANIC_ROCK_VOUCHER_10000;180;14;;;;;181;14;;;;;180.5;0.0
3;10000;VOLCANIC_ROCK;10162;129;10161;43;;;10163;129;10164;43;;;10162.5;0.0
3;10000;KELP;2037;24;;;;;2038;5;2039;1;2041;24;2037.5;0.0
3;10000;VOLCANIC_ROCK_VOUCHER_10250;35;14;;;;;36;14;;;;;35.5;0.0
3;10000;CROISSANTS;4238;100;;;;;4239;41;4240;59;;;4238.5;0.0
3;10000;JAMS;6512;170;;;;;6514;170;;;;;6513.0;0.0
3;10000;MAGNIFICENT_MACARONS;641;18;638;13;632;23;650;9;659;23;665;13;645.5;0.0
3;10000;SQUID_INK;1841;24;;;;;1842;6;1844;24;;;1841.5;0.0
3;10100;VOLCANIC_ROCK_VOUCHER_10500;3;8;;;;;4;20;;;;;3.5;0.0
3;10100;MAGNIFICENT_MACARONS;641;12;639;20;632;30;650;6;659;30;666;20;645.5;0.0
3;10100;VOLCANIC_ROCK_VOUCHER_10000;179;8;;;;;180;20;;;;;179.5;0.0
3;10100;DJEMBES;13295;75;;;;;13296;30;13297;45;;;13295.5;0.0
3;10100;KELP;2037;30;;;;;2041;30;;;;;2039.0;0.0
3;10100;VOLCANIC_ROCK_VOUCHER_10250;35;8;;;;;36;20;;;;;35.5;0.0
3;10100;JAMS;6512;206;;;;;6514;206;;;;;6513.0;0.0
3;10100;SQUID_INK;1841;30;;;;;1844;30;;;;;1842.5;0.0
3;10100;VOLCANIC_ROCK;10161;110;10160;68;;;10163;178;;;;;10162.0;0.0
3;10100;RAINFOREST_RESIN;9992;28;;;;;10008;28;;;;;10000.0;0.0
3;10100;VOLCANIC_ROCK_VOUCHER_9500;662;8;;;;;663;20;;;;;662.5;0.0
3;10100;CROISSANTS;4238;131;;;;;4240;131;;;;;4239.0;0.0
3;10100;VOLCANIC_ROCK_VOUCHER_9750;413;8;;;;;414;20;;;;;413.5;0.0
3;10100;PICNIC_BASKET2;30067;20;30066;30;;;30073;50;;;;;30070.0;0.0
3;10100;PICNIC_BASKET1;58340;20;58339;30;;;58350;20;58351;30;;;58345.0;0.0
3;10200;SQUID_INK;1842;29;;;;;1844;1;1845;29;;;1843.0;0.0
3;10200;VOLCANIC_ROCK_VOUCHER_9500;662;15;;;;;663;15;;;;;662.5;0.0
3;10200;PICNIC_BASKET1;58338;1;58337;14;58336;18;58347;1;58348;14;58349;18;58342.5;0.0
3;10200;PICNIC_BASKET2;30069;15;30068;18;;;30074;1;30075;32;;;30071.5;0.0
3;10200;CROISSANTS;4238;125;;;;;4239;57;4240;68;;;4238.5;0.0
3;10200;VOLCANIC_ROCK_VOUCHER_9750;414;15;;;;;415;15;;;;;414.5;0.0
3;10200;MAGNIFICENT_MACARONS;638;16;635;14;629;28;647;8;656;28;662;14;642.5;0.0
3;10200;DJEMBES;13295;60;;;;;13297;60;;;;;13296.0;0.0
3;10200;VOLCANIC_ROCK_VOUCHER_10500;3;15;;;;;4;15;;;;;3.5;0.0
3;10200;VOLCANIC_ROCK;10162;143;10161;73;;;10163;143;10164;73;;;10162.5;0.0
3;10200;VOLCANIC_ROCK_VOUCHER_10000;181;15;;;;;182;15;;;;;181.5;0.0
3;10200;KELP;2038;1;2037;28;;;2040;1;2041;29;;;2039.0;0.0
3;10200;JAMS;6512;207;;;;;6514;207;;;;;6513.0;0.0
3;10200;RAINFOREST_RESIN;9992;25;;;;;10000;3;10008;25;;;9996.0;0.0
3;10200;VOLCANIC_ROCK_VOUCHER_10250;35;15;;;;;36;15;;;;;35.5;0.0
3;10300;VOLCANIC_ROCK_VOUCHER_9750;413;17;;;;;414;17;;;;;413.5;0.0
3;10300;PICNIC_BASKET1;58337;17;58336;18;;;58347;17;58348;18;;;58342.0;0.0
3;10300;PICNIC_BASKET2;30069;1;30068;34;;;30074;17;30075;18;;;30071.5;0.0
3;10300;VOLCANIC_ROCK_VOUCHER_10500;3;17;;;;;4;17;;;;;3.5;0.0
3;10300;RAINFOREST_RESIN;10001;1;9992;29;;;10008;29;;;;;10004.5;0.0
3;10300;VOLCANIC_ROCK_VOUCHER_10000;180;17;;;;;181;17;;;;;180.5;0.0
3;10300;DJEMBES;13297;43;;;;;13298;53;;;;;13297.5;0.0
3;10300;KELP;2037;31;;;;;2041;31;;;;;2039.0;0.0
3;10300;CROISSANTS;4238;141;;;;;4239;50;4240;91;;;4238.5;0.0
3;10300;JAMS;6513;91;6512;165;;;6514;91;6515;165;;;6513.5;0.0
3;10300;SQUID_INK;1844;31;;;;;1847;31;;;;;1845.5;0.0
3;10300;VOLCANIC_ROCK_VOUCHER_10250;34;17;;;;;35;17;;;;;34.5;0.0
3;10300;VOLCANIC_ROCK;10161;123;10160;42;;;10162;123;10163;42;;;10161.5;0.0
3;10300;MAGNIFICENT_MACARONS;640;12;637;16;631;30;649;6;658;30;664;16;644.5;0.0
3;10300;VOLCANIC_ROCK_VOUCHER_9500;661;17;;;;;662;17;;;;;661.5;0.0
3;10400;VOLCANIC_ROCK;10160;104;10159;61;;;10162;104;10163;61;;;10161.0;0.0
3;10400;VOLCANIC_ROCK_VOUCHER_10000;175;26;;;;;176;15;;;;;175.5;0.0
3;10400;KELP;2039;1;2037;27;;;2041;27;;;;;2040.0;0.0
3;10400;CROISSANTS;4238;147;;;;;4240;147;;;;;4239.0;0.0
3;10400;JAMS;6513;199;;;;;6515;199;;;;;6514.0;0.0
3;10400;VOLCANIC_ROCK_VOUCHER_10250;34;26;;;;;35;15;;;;;34.5;0.0
3;10400;MAGNIFICENT_MACARONS;640;10;637;15;631;27;649;5;658;27;665;15;644.5;0.0
3;10400;SQUID_INK;1847;1;1845;27;;;1848;27;;;;;1847.5;0.0
