timestamp;buyer;seller;symbol;currency;price;quantity
100;Paris;Caesar;KELP;SEASHELLS;2038;1
100;Charlie;Caesar;KELP;SEASHELLS;2037;5
100;Paris;Caesar;SQUID_INK;SEASHELLS;1926;1
200;Paris;Charlie;KELP;SEASHELLS;2040;2
200;Pablo;Caesar;PICNIC_BASKET1;SEASHELLS;58334;2
200;Pablo;Camilla;PICNIC_BASKET1;SEASHELLS;58334;1
200;Pablo;Camilla;PICNIC_BASKET2;SEASHELLS;30133;3
200;Charlie;Penelope;RAINFOREST_RESIN;SEASHELLS;9992;7
200;Paris;Charlie;SQUID_INK;SEASHELLS;1930;2
300;Paris;Caesar;CROISSANTS;SEASHELLS;4297;8
400;Charlie;Paris;RAINFOREST_RESIN;SEASHELLS;9992;2
500;Pablo;Charlie;KELP;SEASHELLS;2038;5
600;Paris;Charlie;KELP;SEASHELLS;2039;2
600;Camilla;Caesar;PICNIC_BASKET2;SEASHELLS;30125;1
600;Pablo;Charlie;RAINFOREST_RESIN;SEASHELLS;10008;5
600;Paris;Charlie;SQUID_INK;SEASHELLS;1929;2
800;Caesar;Camilla;JAMS;SEASHELLS;6446;4
800;Paris;Paris;RAINFOREST_RESIN;SEASHELLS;9999;1
900;Caesar;Camilla;DJEMBES;SEASHELLS;13373;4
900;Pablo;Caesar;VOLCANIC_ROCK;SEASHELLS;9919;1
900;Caesar;Caesar;VOLCANIC_ROCK;SEASHELLS;9919;7
1000;Paris;Caesar;JAMS;SEASHELLS;6448;7
1000;Charlie;Paris;KELP;SEASHELLS;2036;1
1000;Charlie;Paris;SQUID_INK;SEASHELLS;1936;1
1100;Charlie;Paris;KELP;SEASHELLS;2036;1
1100;Charlie;Paris;SQUID_INK;SEASHELLS;1938;1
1200;Peter;Caesar;VOLCANIC_ROCK;SEASHELLS;9918;8
1300;Paris;Caesar;DJEMBES;SEASHELLS;13377;1
1300;Pablo;Charlie;RAINFOREST_RESIN;SEASHELLS;10002;5
1500;Paris;Caesar;CROISSANTS;SEASHELLS;4296;6
1500;Caesar;Paris;RAINFOREST_RESIN;SEASHELLS;9999;1
1600;Charlie;Gina;KELP;SEASHELLS;2036;8
1600;Charlie;Gina;SQUID_INK;SEASHELLS;1943;8
1700;Pablo;Caesar;VOLCANIC_ROCK;SEASHELLS;9923;1
1900;Charlie;Paris;KELP;SEASHELLS;2036;1
1900;Charlie;Paris;SQUID_INK;SEASHELLS;1941;1
2000;Caesar;Paris;JAMS;SEASHELLS;6448;4
2000;Charlie;Penelope;RAINFOREST_RESIN;SEASHELLS;9992;5
2100;Charlie;Caesar;KELP;SEASHELLS;2037;5
2100;Penelope;Caesar;PICNIC_BASKET1;SEASHELLS;58352;2
2100;Penelope;Camilla;PICNIC_BASKET2;SEASHELLS;30136;10
2300;Charlie;Paris;RAINFOREST_RESIN;SEASHELLS;9992;2
2400;Charlie;Paris;KELP;SEASHELLS;2036;1
2400;Charlie;Paris;SQUID_INK;SEASHELLS;1940;1
2600;Paris;Caesar;CROISSANTS;SEASHELLS;4296;7
2700;Gina;Charlie;SQUID_INK;SEASHELLS;1942;8
2900;Caesar;Paris;JAMS;SEASHELLS;6449;5
2900;Camilla;Caesar;VOLCANIC_ROCK_VOUCHER_10000;SEASHELLS;33;11
2900;Camilla;Caesar;VOLCANIC_ROCK_VOUCHER_10250;SEASHELLS;3;11
2900;Camilla;Caesar;VOLCANIC_ROCK_VOUCHER_9500;SEASHELLS;424;11
2900;Camilla;Caesar;VOLCANIC_ROCK_VOUCHER_9750;SEASHELLS;187;11
3000;Paris;Charlie;KELP;SEASHELLS;2039;2
3000;Paris;Charlie;SQUID_INK;SEASHELLS;1949;2
3100;Charlie;Paris;KELP;SEASHELLS;2036;1
3100;Charlie;Paris;SQUID_INK;SEASHELLS;1945;1
3300;Pablo;Camilla;PICNIC_BASKET1;SEASHELLS;58340;3
3300;Pablo;Caesar;PICNIC_BASKET2;SEASHELLS;30127;1
3300;Pablo;Camilla;PICNIC_BASKET2;SEASHELLS;30127;2
3500;Paris;Caesar;CROISSANTS;SEASHELLS;4296;5
3500;Paris;Charlie;RAINFOREST_RESIN;SEASHELLS;10008;2
3700;Paris;Caesar;DJEMBES;SEASHELLS;13376;5
3700;Gina;Charlie;RAINFOREST_RESIN;SEASHELLS;10003;8
3800;Camilla;Caesar;VOLCANIC_ROCK_VOUCHER_10000;SEASHELLS;35;17
3800;Caesar;Caesar;VOLCANIC_ROCK_VOUCHER_10000;SEASHELLS;35;1
3800;Camilla;Caesar;VOLCANIC_ROCK_VOUCHER_10250;SEASHELLS;3;17
3800;Caesar;Caesar;VOLCANIC_ROCK_VOUCHER_10250;SEASHELLS;3;1
3800;Camilla;Caesar;VOLCANIC_ROCK_VOUCHER_9500;SEASHELLS;425;17
3800;Caesar;Caesar;VOLCANIC_ROCK_VOUCHER_9500;SEASHELLS;425;1
3800;Camilla;Caesar;VOLCANIC_ROCK_VOUCHER_9750;SEASHELLS;185;17
3800;Caesar;Caesar;VOLCANIC_ROCK_VOUCHER_9750;SEASHELLS;185;1
3900;Caesar;Camilla;JAMS;SEASHELLS;6449;10
3900;Charlie;Pablo;KELP;SEASHELLS;2037;2
3900;Charlie;Pablo;SQUID_INK;SEASHELLS;1946;2
4000;Paris;Caesar;DJEMBES;SEASHELLS;13374;5
4100;Camilla;Pablo;KELP;SEASHELLS;2036;3
4100;Charlie;Pablo;KELP;SEASHELLS;2036;2
4100;Caesar;Pablo;PICNIC_BASKET1;SEASHELLS;58326;2
4100;Charlie;Pablo;PICNIC_BASKET2;SEASHELLS;30125;5
4100;Camilla;Caesar;VOLCANIC_ROCK_VOUCHER_10000;SEASHELLS;36;17
4100;Caesar;Pablo;VOLCANIC_ROCK_VOUCHER_10000;SEASHELLS;36;2
4100;Camilla;Caesar;VOLCANIC_ROCK_VOUCHER_10250;SEASHELLS;3;17
4100;Caesar;Pablo;VOLCANIC_ROCK_VOUCHER_10250;SEASHELLS;3;2
4100;Camilla;Pablo;VOLCANIC_ROCK_VOUCHER_10500;SEASHELLS;0;5
4100;Camilla;Caesar;VOLCANIC_ROCK_VOUCHER_9500;SEASHELLS;428;17
4100;Caesar;Pablo;VOLCANIC_ROCK_VOUCHER_9500;SEASHELLS;428;2
4100;Camilla;Caesar;VOLCANIC_ROCK_VOUCHER_9750;SEASHELLS;191;17
4100;Caesar;Pablo;VOLCANIC_ROCK_VOUCHER_9750;SEASHELLS;191;2
4200;Charlie;Gary;KELP;SEASHELLS;2036;10
4200;Charlie;Gary;SQUID_INK;SEASHELLS;1945;10
4400;Camilla;Camilla;MAGNIFICENT_MACARONS;SEASHELLS;776;2
4400;Penelope;Camilla;PICNIC_BASKET1;SEASHELLS;58345;8
4400;Penelope;Camilla;PICNIC_BASKET2;SEASHELLS;30136;8
4500;Caesar;Paris;DJEMBES;SEASHELLS;13372;2
4500;Charlie;Paris;KELP;SEASHELLS;2035;1
4500;Camilla;Camilla;MAGNIFICENT_MACARONS;SEASHELLS;774;5
4500;Charlie;Paris;SQUID_INK;SEASHELLS;1945;1
4700;Camilla;Caesar;VOLCANIC_ROCK_VOUCHER_10000;SEASHELLS;36;10
4700;Camilla;Caesar;VOLCANIC_ROCK_VOUCHER_10250;SEASHELLS;3;10
4700;Camilla;Caesar;VOLCANIC_ROCK_VOUCHER_9500;SEASHELLS;431;10
4700;Camilla;Caesar;VOLCANIC_ROCK_VOUCHER_9750;SEASHELLS;192;10
4800;Caesar;Camilla;DJEMBES;SEASHELLS;13372;6
4900;Paris;Charlie;KELP;SEASHELLS;2038;1
4900;Paris;Charlie;SQUID_INK;SEASHELLS;1949;1
5100;Charlie;Paris;KELP;SEASHELLS;2035;1
5100;Charlie;Paris;KELP;SEASHELLS;2035;2
5100;Charlie;Paris;SQUID_INK;SEASHELLS;1946;1
5100;Charlie;Paris;SQUID_INK;SEASHELLS;1946;2
5300;Caesar;Paris;CROISSANTS;SEASHELLS;4295;7
5300;Caesar;Camilla;JAMS;SEASHELLS;6451;9
5300;Charlie;Paris;KELP;SEASHELLS;2035;2
5300;Charlie;Paris;SQUID_INK;SEASHELLS;1944;2
5300;Caesar;Caesar;VOLCANIC_ROCK;SEASHELLS;9934;9
5500;Caesar;Camilla;CROISSANTS;SEASHELLS;4295;4
5500;Caesar;Paris;DJEMBES;SEASHELLS;13373;2
5500;Charlie;Paris;KELP;SEASHELLS;2035;1
5500;Charlie;Paris;SQUID_INK;SEASHELLS;1948;1
5600;Caesar;Paris;DJEMBES;SEASHELLS;13373;1
5700;Caesar;Camilla;DJEMBES;SEASHELLS;13374;9
5800;Charlie;Paris;KELP;SEASHELLS;2035;1
5800;Charlie;Gary;KELP;SEASHELLS;2035;9
5800;Charlie;Paris;RAINFOREST_RESIN;SEASHELLS;9992;2
5800;Charlie;Paris;SQUID_INK;SEASHELLS;1945;1
5800;Charlie;Gary;SQUID_INK;SEASHELLS;1945;9
5800;Penelope;Camilla;VOLCANIC_ROCK_VOUCHER_9500;SEASHELLS;439;20
5800;Penelope;Camilla;VOLCANIC_ROCK_VOUCHER_9750;SEASHELLS;199;20
5900;Charlie;Gary;KELP;SEASHELLS;2035;8
5900;Charlie;Gary;SQUID_INK;SEASHELLS;1943;8
6000;Caesar;Paris;CROISSANTS;SEASHELLS;4296;7
6100;Charlie;Penelope;PICNIC_BASKET1;SEASHELLS;58344;9
6100;Charlie;Penelope;PICNIC_BASKET2;SEASHELLS;30140;9
6200;Paris;Caesar;JAMS;SEASHELLS;6453;4
6200;Charlie;Paris;KELP;SEASHELLS;2035;2
6200;Charlie;Paris;SQUID_INK;SEASHELLS;1943;2
6300;Charlie;Paris;RAINFOREST_RESIN;SEASHELLS;9992;2
6400;Charlie;Paris;RAINFOREST_RESIN;SEASHELLS;9992;2
6400;Caesar;Caesar;VOLCANIC_ROCK;SEASHELLS;9935;6
6400;Camilla;Caesar;VOLCANIC_ROCK_VOUCHER_10000;SEASHELLS;38;11
6400;Camilla;Caesar;VOLCANIC_ROCK_VOUCHER_10250;SEASHELLS;3;11
6400;Camilla;Caesar;VOLCANIC_ROCK_VOUCHER_9500;SEASHELLS;436;11
6400;Camilla;Caesar;VOLCANIC_ROCK_VOUCHER_9750;SEASHELLS;197;11
6500;Paris;Caesar;CROISSANTS;SEASHELLS;4296;7
6600;Caesar;Camilla;JAMS;SEASHELLS;6451;5
6600;Charlie;Penelope;KELP;SEASHELLS;2035;7
6600;Gina;Charlie;RAINFOREST_RESIN;SEASHELLS;10003;10
6600;Charlie;Penelope;SQUID_INK;SEASHELLS;1936;7
6600;Caesar;Caesar;VOLCANIC_ROCK;SEASHELLS;9941;7
6700;Pablo;Charlie;KELP;SEASHELLS;2037;4
6800;Caesar;Pablo;PICNIC_BASKET1;SEASHELLS;58340;2
6800;Camilla;Pablo;PICNIC_BASKET1;SEASHELLS;58340;2
6800;Camilla;Pablo;PICNIC_BASKET2;SEASHELLS;30135;4
6900;Caesar;Pablo;VOLCANIC_ROCK;SEASHELLS;9939;2
7100;Camilla;Paris;KELP;SEASHELLS;2035;1
7100;Camilla;Paris;SQUID_INK;SEASHELLS;1936;1
7400;Penelope;Charlie;RAINFOREST_RESIN;SEASHELLS;10008;8
7500;Charlie;Pablo;KELP;SEASHELLS;2036;3
7500;Charlie;Pablo;SQUID_INK;SEASHELLS;1937;3
7600;Charlie;Penelope;KELP;SEASHELLS;2035;11
7600;Charlie;Penelope;RAINFOREST_RESIN;SEASHELLS;9992;7
7600;Charlie;Penelope;SQUID_INK;SEASHELLS;1936;11
7700;Caesar;Camilla;CROISSANTS;SEASHELLS;4294;4
7800;Charlie;Paris;KELP;SEASHELLS;2035;1
7800;Camilla;Penelope;PICNIC_BASKET1;SEASHELLS;58337;7
7800;Camilla;Penelope;PICNIC_BASKET2;SEASHELLS;30138;7
7800;Charlie;Paris;SQUID_INK;SEASHELLS;1936;1
7900;Charlie;Pablo;KELP;SEASHELLS;2035;5
8000;Paris;Charlie;KELP;SEASHELLS;2038;2
8000;Paris;Charlie;SQUID_INK;SEASHELLS;1939;2
8100;Camilla;Camilla;MAGNIFICENT_MACARONS;SEASHELLS;774;3
8100;Caesar;Penelope;PICNIC_BASKET1;SEASHELLS;58335;1
8100;Charlie;Penelope;PICNIC_BASKET2;SEASHELLS;30143;10
8100;Paris;Caesar;RAINFOREST_RESIN;SEASHELLS;10001;1
8200;Paris;Charlie;KELP;SEASHELLS;2036;1
8200;Paris;Charlie;RAINFOREST_RESIN;SEASHELLS;10008;2
8200;Paris;Charlie;SQUID_INK;SEASHELLS;1939;1
8400;Charlie;Paris;KELP;SEASHELLS;2034;1
8600;Penelope;Charlie;KELP;SEASHELLS;2037;7
8600;Penelope;Charlie;SQUID_INK;SEASHELLS;1944;7
8600;Peter;Caesar;VOLCANIC_ROCK;SEASHELLS;9938;9
8700;Paris;Charlie;MAGNIFICENT_MACARONS;SEASHELLS;778;6
8700;Charlie;Paris;RAINFOREST_RESIN;SEASHELLS;9999;1
8900;Paris;Camilla;KELP;SEASHELLS;2036;1
8900;Paris;Camilla;SQUID_INK;SEASHELLS;1941;1
8900;Camilla;Caesar;VOLCANIC_ROCK_VOUCHER_10000;SEASHELLS;37;10
8900;Camilla;Caesar;VOLCANIC_ROCK_VOUCHER_10250;SEASHELLS;3;10
8900;Camilla;Caesar;VOLCANIC_ROCK_VOUCHER_9500;SEASHELLS;432;10
8900;Camilla;Caesar;VOLCANIC_ROCK_VOUCHER_9750;SEASHELLS;195;10
9200;Caesar;Caesar;VOLCANIC_ROCK;SEASHELLS;9931;6
9400;Pablo;Charlie;SQUID_INK;SEASHELLS;1941;3
9600;Gina;Pablo;KELP;SEASHELLS;2034;5
9600;Penelope;Caesar;PICNIC_BASKET1;SEASHELLS;58345;1
9600;Penelope;Charlie;PICNIC_BASKET2;SEASHELLS;30160;9
9600;Gina;Pablo;SQUID_INK;SEASHELLS;1939;5
9700;Charlie;Gina;KELP;SEASHELLS;2034;9
9800;Penelope;Camilla;VOLCANIC_ROCK_VOUCHER_10000;SEASHELLS;36;11
9800;Penelope;Camilla;VOLCANIC_ROCK_VOUCHER_9500;SEASHELLS;432;11
9800;Penelope;Camilla;VOLCANIC_ROCK_VOUCHER_9750;SEASHELLS;193;11
9900;Paris;Caesar;CROISSANTS;SEASHELLS;4297;7
9900;Paris;Charlie;KELP;SEASHELLS;2037;1
9900;Paris;Charlie;SQUID_INK;SEASHELLS;1942;1
9900;Camilla;Caesar;VOLCANIC_ROCK_VOUCHER_10000;SEASHELLS;38;19
9900;Camilla;Caesar;VOLCANIC_ROCK_VOUCHER_10250;SEASHELLS;3;19
9900;Camilla;Caesar;VOLCANIC_ROCK_VOUCHER_9500;SEASHELLS;429;19
9900;Camilla;Caesar;VOLCANIC_ROCK_VOUCHER_9750;SEASHELLS;191;19
10000;Caesar;Paris;CROISSANTS;SEASHELLS;4296;6
10000;Camilla;Caesar;VOLCANIC_ROCK_VOUCHER_10000;SEASHELLS;36;12
10000;Caesar;Caesar;VOLCANIC_ROCK_VOUCHER_10000;SEASHELLS;36;2
10000;Camilla;Caesar;VOLCANIC_ROCK_VOUCHER_10250;SEASHELLS;3;12
10000;Caesar;Caesar;VOLCANIC_ROCK_VOUCHER_10250;SEASHELLS;3;2
10000;Camilla;Caesar;VOLCANIC_ROCK_VOUCHER_9500;SEASHELLS;430;12
10000;Caesar;Caesar;VOLCANIC_ROCK_VOUCHER_9500;SEASHELLS;430;2
10000;Camilla;Caesar;VOLCANIC_ROCK_VOUCHER_9750;SEASHELLS;192;12
10000;Caesar;Caesar;VOLCANIC_ROCK_VOUCHER_9750;SEASHELLS;192;2
10100;Charlie;Paris;KELP;SEASHELLS;2034;1
10100;Charlie;Paris;SQUID_INK;SEASHELLS;1940;1
10100;Camilla;Penelope;VOLCANIC_ROCK_VOUCHER_10000;SEASHELLS;36;10
10100;Camilla;Penelope;VOLCANIC_ROCK_VOUCHER_9500;SEASHELLS;430;10
10100;Camilla;Penelope;VOLCANIC_ROCK_VOUCHER_9750;SEASHELLS;192;10
10300;Caesar;Paris;JAMS;SEASHELLS;6452;7
10600;Caesar;Camilla;JAMS;SEASHELLS;6453;5
10700;Paris;Charlie;KELP;SEASHELLS;2036;1
10700;Paris;Charlie;SQUID_INK;SEASHELLS;1940;1
10900;Paris;Charlie;KELP;SEASHELLS;2037;2
10900;Paris;Charlie;SQUID_INK;SEASHELLS;1943;2
10900;Penelope;Camilla;VOLCANIC_ROCK_VOUCHER_9500;SEASHELLS;421;13
10900;Penelope;Caesar;VOLCANIC_ROCK_VOUCHER_9500;SEASHELLS;421;2
10900;Penelope;Camilla;VOLCANIC_ROCK_VOUCHER_9750;SEASHELLS;186;13
10900;Penelope;Caesar;VOLCANIC_ROCK_VOUCHER_9750;SEASHELLS;186;2
11200;Caesar;Paris;DJEMBES;SEASHELLS;13373;1
11200;Gary;Charlie;KELP;SEASHELLS;2037;14
11200;Gary;Charlie;SQUID_INK;SEASHELLS;1945;14
11200;Caesar;Caesar;VOLCANIC_ROCK;SEASHELLS;9925;5
11400;Charlie;Pablo;KELP;SEASHELLS;2034;2
11400;Charlie;Paris;KELP;SEASHELLS;2034;1
11400;Charlie;Paris;SQUID_INK;SEASHELLS;1947;1
11500;Paris;Charlie;KELP;SEASHELLS;2037;2
11500;Paris;Charlie;SQUID_INK;SEASHELLS;1957;2
12000;Caesar;Paris;CROISSANTS;SEASHELLS;4297;6
12000;Paris;Paris;KELP;SEASHELLS;2036;1
12000;Paris;Paris;SQUID_INK;SEASHELLS;1949;1
12100;Camilla;Pablo;VOLCANIC_ROCK_VOUCHER_10000;SEASHELLS;31;14
12100;Camilla;Pablo;VOLCANIC_ROCK_VOUCHER_10250;SEASHELLS;2;14
12100;Camilla;Pablo;VOLCANIC_ROCK_VOUCHER_10500;SEASHELLS;0;14
12100;Camilla;Pablo;VOLCANIC_ROCK_VOUCHER_9500;SEASHELLS;420;14
12100;Camilla;Pablo;VOLCANIC_ROCK_VOUCHER_9750;SEASHELLS;184;14
12200;Charlie;Paris;KELP;SEASHELLS;2033;1
12200;Charlie;Paris;SQUID_INK;SEASHELLS;1948;1
12600;Caesar;Penelope;PICNIC_BASKET1;SEASHELLS;58362;2
12600;Caesar;Penelope;PICNIC_BASKET2;SEASHELLS;30179;2
12700;Caesar;Paris;MAGNIFICENT_MACARONS;SEASHELLS;760;5
12700;Paris;Charlie;RAINFOREST_RESIN;SEASHELLS;10001;1
12800;Gina;Paris;KELP;SEASHELLS;2033;1
12800;Gina;Paris;SQUID_INK;SEASHELLS;1947;1
12900;Caesar;Camilla;CROISSANTS;SEASHELLS;4298;9
13200;Paris;Caesar;JAMS;SEASHELLS;6457;5
13600;Charlie;Paris;KELP;SEASHELLS;2033;2
13600;Charlie;Caesar;KELP;SEASHELLS;2034;4
13600;Charlie;Paris;SQUID_INK;SEASHELLS;1956;2
13600;Charlie;Caesar;SQUID_INK;SEASHELLS;1957;4
13700;Charlie;Caesar;KELP;SEASHELLS;2034;5
13700;Charlie;Caesar;SQUID_INK;SEASHELLS;1958;5
13800;Caesar;Paris;JAMS;SEASHELLS;6456;6
13800;Paris;Charlie;RAINFOREST_RESIN;SEASHELLS;10001;1
13900;Pablo;Camilla;KELP;SEASHELLS;2035;2
13900;Caesar;Penelope;PICNIC_BASKET1;SEASHELLS;58363;2
13900;Camilla;Penelope;PICNIC_BASKET2;SEASHELLS;30181;8
13900;Pablo;Camilla;SQUID_INK;SEASHELLS;1961;2
14000;Caesar;Camilla;DJEMBES;SEASHELLS;13371;3
14200;Paris;Charlie;RAINFOREST_RESIN;SEASHELLS;10001;1
14300;Caesar;Paris;CROISSANTS;SEASHELLS;4298;7
14300;Pablo;Penelope;KELP;SEASHELLS;2035;3
14300;Pablo;Penelope;SQUID_INK;SEASHELLS;1969;3
14500;Pablo;Charlie;SQUID_INK;SEASHELLS;1968;2
14700;Caesar;Caesar;VOLCANIC_ROCK;SEASHELLS;9904;8
14800;Penelope;Caesar;KELP;SEASHELLS;2035;4
14800;Penelope;Paris;KELP;SEASHELLS;2035;1
14800;Camilla;Paris;RAINFOREST_RESIN;SEASHELLS;9997;2
14800;Penelope;Caesar;SQUID_INK;SEASHELLS;1967;4
14800;Penelope;Paris;SQUID_INK;SEASHELLS;1967;1
14900;Paris;Charlie;KELP;SEASHELLS;2036;1
15100;Pablo;Caesar;VOLCANIC_ROCK;SEASHELLS;9910;3
15200;Gary;Charlie;RAINFOREST_RESIN;SEASHELLS;10008;9
15500;Charlie;Penelope;RAINFOREST_RESIN;SEASHELLS;9992;6
15600;Caesar;Paris;CROISSANTS;SEASHELLS;4299;6
15600;Caesar;Paris;MAGNIFICENT_MACARONS;SEASHELLS;756;6
15600;Penelope;Charlie;RAINFOREST_RESIN;SEASHELLS;10008;7
15800;Caesar;Camilla;CROISSANTS;SEASHELLS;4298;4
15800;Penelope;Caesar;PICNIC_BASKET1;SEASHELLS;58379;1
15800;Penelope;Caesar;PICNIC_BASKET2;SEASHELLS;30178;1
15900;Charlie;Paris;KELP;SEASHELLS;2034;1
15900;Caesar;Paris;MAGNIFICENT_MACARONS;SEASHELLS;754;6
15900;Charlie;Penelope;RAINFOREST_RESIN;SEASHELLS;9992;8
15900;Charlie;Paris;SQUID_INK;SEASHELLS;1969;1
16100;Caesar;Camilla;JAMS;SEASHELLS;6455;5
16300;Camilla;Pablo;KELP;SEASHELLS;2035;5
16300;Camilla;Pablo;SQUID_INK;SEASHELLS;1971;5
16500;Paris;Charlie;KELP;SEASHELLS;2038;1
16500;Gary;Charlie;RAINFOREST_RESIN;SEASHELLS;10008;8
16500;Paris;Charlie;SQUID_INK;SEASHELLS;1972;1
16700;Gina;Charlie;SQUID_INK;SEASHELLS;1974;9
16800;Gary;Camilla;KELP;SEASHELLS;2037;4
16800;Pablo;Camilla;SQUID_INK;SEASHELLS;1976;4
16800;Gary;Caesar;SQUID_INK;SEASHELLS;1977;1
17000;Charlie;Paris;KELP;SEASHELLS;2035;1
17000;Charlie;Penelope;RAINFOREST_RESIN;SEASHELLS;9992;5
17000;Charlie;Paris;SQUID_INK;SEASHELLS;1975;1
17100;Charlie;Penelope;RAINFOREST_RESIN;SEASHELLS;9992;4
17300;Paris;Caesar;JAMS;SEASHELLS;6456;4
17300;Gina;Paris;KELP;SEASHELLS;2036;1
17300;Gina;Paris;SQUID_INK;SEASHELLS;1974;1
17500;Paris;Charlie;SQUID_INK;SEASHELLS;1970;1
17600;Caesar;Paris;DJEMBES;SEASHELLS;13370;2
17900;Caesar;Peter;VOLCANIC_ROCK;SEASHELLS;9903;8
18100;Charlie;Paris;KELP;SEASHELLS;2036;1
18100;Penelope;Caesar;PICNIC_BASKET1;SEASHELLS;58385;2
18100;Penelope;Camilla;PICNIC_BASKET2;SEASHELLS;30187;7
18100;Charlie;Paris;SQUID_INK;SEASHELLS;1968;1
18100;Caesar;Pablo;VOLCANIC_ROCK;SEASHELLS;9904;1
18100;Camilla;Caesar;VOLCANIC_ROCK_VOUCHER_10000;SEASHELLS;29;10
18100;Caesar;Caesar;VOLCANIC_ROCK_VOUCHER_10000;SEASHELLS;29;2
18100;Camilla;Caesar;VOLCANIC_ROCK_VOUCHER_10250;SEASHELLS;2;10
18100;Caesar;Caesar;VOLCANIC_ROCK_VOUCHER_10250;SEASHELLS;2;2
18100;Camilla;Caesar;VOLCANIC_ROCK_VOUCHER_9750;SEASHELLS;172;10
18100;Caesar;Caesar;VOLCANIC_ROCK_VOUCHER_9750;SEASHELLS;172;2
18300;Pablo;Pablo;RAINFOREST_RESIN;SEASHELLS;9998;4
18400;Paris;Caesar;DJEMBES;SEASHELLS;13373;2
18600;Charlie;Paris;KELP;SEASHELLS;2036;1
18600;Charlie;Paris;SQUID_INK;SEASHELLS;1981;1
18700;Camilla;Camilla;MAGNIFICENT_MACARONS;SEASHELLS;778;5
18700;Charlie;Penelope;RAINFOREST_RESIN;SEASHELLS;9992;8
18900;Caesar;Paris;CROISSANTS;SEASHELLS;4300;8
18900;Caesar;Camilla;JAMS;SEASHELLS;6456;4
18900;Paris;Caesar;JAMS;SEASHELLS;6457;6
18900;Caesar;Caesar;VOLCANIC_ROCK;SEASHELLS;9911;7
19000;Charlie;Paris;KELP;SEASHELLS;2036;1
19000;Charlie;Paris;SQUID_INK;SEASHELLS;1979;1
19200;Camilla;Camilla;MAGNIFICENT_MACARONS;SEASHELLS;774;5
19300;Penelope;Charlie;RAINFOREST_RESIN;SEASHELLS;10008;4
19300;Peter;Caesar;VOLCANIC_ROCK;SEASHELLS;9916;7
19400;Paris;Caesar;DJEMBES;SEASHELLS;13373;5
19400;Gary;Charlie;KELP;SEASHELLS;2040;12
19400;Gary;Charlie;SQUID_INK;SEASHELLS;1981;12
19500;Camilla;Caesar;KELP;SEASHELLS;2037;2
19500;Paris;Charlie;KELP;SEASHELLS;2040;1
19500;Paris;Caesar;SQUID_INK;SEASHELLS;1982;1
19600;Caesar;Paris;DJEMBES;SEASHELLS;13373;3
19700;Paris;Caesar;JAMS;SEASHELLS;6457;9
19700;Pablo;Charlie;SQUID_INK;SEASHELLS;1986;3
19800;Paris;Caesar;CROISSANTS;SEASHELLS;4302;6
19800;Charlie;Paris;KELP;SEASHELLS;2036;1
19800;Charlie;Paris;SQUID_INK;SEASHELLS;1983;1
19900;Caesar;Paris;JAMS;SEASHELLS;6454;10
20000;Caesar;Caesar;VOLCANIC_ROCK;SEASHELLS;9913;6
20100;Pablo;Camilla;KELP;SEASHELLS;2038;3
20100;Paris;Camilla;KELP;SEASHELLS;2038;1
20100;Pablo;Camilla;SQUID_INK;SEASHELLS;1994;3
20100;Paris;Camilla;SQUID_INK;SEASHELLS;1994;1
20100;Camilla;Caesar;VOLCANIC_ROCK_VOUCHER_10000;SEASHELLS;32;11
20100;Camilla;Pablo;VOLCANIC_ROCK_VOUCHER_10000;SEASHELLS;32;1
20100;Camilla;Caesar;VOLCANIC_ROCK_VOUCHER_10250;SEASHELLS;2;11
20100;Camilla;Pablo;VOLCANIC_ROCK_VOUCHER_10250;SEASHELLS;2;1
20100;Camilla;Pablo;VOLCANIC_ROCK_VOUCHER_10500;SEASHELLS;0;5
20100;Camilla;Caesar;VOLCANIC_ROCK_VOUCHER_9500;SEASHELLS;415;11
20100;Camilla;Pablo;VOLCANIC_ROCK_VOUCHER_9500;SEASHELLS;415;1
20100;Camilla;Caesar;VOLCANIC_ROCK_VOUCHER_9750;SEASHELLS;180;11
20100;Camilla;Pablo;VOLCANIC_ROCK_VOUCHER_9750;SEASHELLS;180;1
20400;Paris;Charlie;RAINFOREST_RESIN;SEASHELLS;10001;1
20500;Charlie;Penelope;RAINFOREST_RESIN;SEASHELLS;9992;8
20500;Charlie;Caesar;SQUID_INK;SEASHELLS;1984;3
20700;Paris;Caesar;CROISSANTS;SEASHELLS;4302;5
20800;Paris;Caesar;DJEMBES;SEASHELLS;13376;4
20800;Pablo;Penelope;RAINFOREST_RESIN;SEASHELLS;10002;5
20900;Caesar;Paris;CROISSANTS;SEASHELLS;4301;8
20900;Camilla;Paris;KELP;SEASHELLS;2036;1
20900;Camilla;Paris;SQUID_INK;SEASHELLS;1983;1
21000;Charlie;Paris;RAINFOREST_RESIN;SEASHELLS;9992;2
21100;Camilla;Paris;KELP;SEASHELLS;2036;1
21100;Camilla;Paris;SQUID_INK;SEASHELLS;1987;1
21300;Paris;Camilla;KELP;SEASHELLS;2038;2
21300;Paris;Camilla;SQUID_INK;SEASHELLS;1986;2
21400;Paris;Charlie;KELP;SEASHELLS;2039;1
21400;Paris;Charlie;SQUID_INK;SEASHELLS;1989;1
21500;Caesar;Paris;DJEMBES;SEASHELLS;13372;5
21500;Pablo;Charlie;RAINFOREST_RESIN;SEASHELLS;10008;6
21600;Charlie;Caesar;KELP;SEASHELLS;2037;5
21600;Caesar;Paris;MAGNIFICENT_MACARONS;SEASHELLS;764;7
21600;Charlie;Paris;RAINFOREST_RESIN;SEASHELLS;9992;1
21600;Charlie;Caesar;SQUID_INK;SEASHELLS;1985;5
21700;Caesar;Paris;CROISSANTS;SEASHELLS;4303;7
21700;Charlie;Pablo;RAINFOREST_RESIN;SEASHELLS;9998;5
21800;Paris;Caesar;CROISSANTS;SEASHELLS;4304;6
21800;Paris;Charlie;KELP;SEASHELLS;2038;1
21800;Pablo;Caesar;RAINFOREST_RESIN;SEASHELLS;10002;5
21800;Paris;Charlie;SQUID_INK;SEASHELLS;1990;1
22000;Caesar;Camilla;CROISSANTS;SEASHELLS;4303;4
22200;Caesar;Camilla;JAMS;SEASHELLS;6453;7
22300;Caesar;Paris;DJEMBES;SEASHELLS;13371;1
22300;Caesar;Camilla;JAMS;SEASHELLS;6454;3
22300;Paris;Caesar;RAINFOREST_RESIN;SEASHELLS;10001;1
22500;Pablo;Charlie;RAINFOREST_RESIN;SEASHELLS;10002;4
22700;Camilla;Camilla;MAGNIFICENT_MACARONS;SEASHELLS;780;3
22700;Camilla;Caesar;VOLCANIC_ROCK_VOUCHER_10000;SEASHELLS;36;12
22700;Caesar;Caesar;VOLCANIC_ROCK_VOUCHER_10000;SEASHELLS;36;1
22700;Camilla;Caesar;VOLCANIC_ROCK_VOUCHER_10250;SEASHELLS;3;12
22700;Caesar;Caesar;VOLCANIC_ROCK_VOUCHER_10250;SEASHELLS;3;1
22700;Camilla;Caesar;VOLCANIC_ROCK_VOUCHER_9500;SEASHELLS;429;12
22700;Caesar;Caesar;VOLCANIC_ROCK_VOUCHER_9500;SEASHELLS;429;1
22700;Camilla;Caesar;VOLCANIC_ROCK_VOUCHER_9750;SEASHELLS;191;12
22700;Caesar;Caesar;VOLCANIC_ROCK_VOUCHER_9750;SEASHELLS;191;1
23000;Caesar;Paris;DJEMBES;SEASHELLS;13369;1
23000;Paris;Caesar;JAMS;SEASHELLS;6455;10
23000;Caesar;Caesar;VOLCANIC_ROCK;SEASHELLS;9929;7
23100;Charlie;Paris;KELP;SEASHELLS;2036;1
23100;Camilla;Pablo;PICNIC_BASKET1;SEASHELLS;58424;6
23100;Charlie;Pablo;PICNIC_BASKET2;SEASHELLS;30196;6
23100;Charlie;Paris;SQUID_INK;SEASHELLS;1990;1
23200;Paris;Paris;KELP;SEASHELLS;2038;1
23200;Paris;Paris;SQUID_INK;SEASHELLS;1989;1
23300;Paris;Gina;KELP;SEASHELLS;2038;1
23300;Caesar;Gina;KELP;SEASHELLS;2036;6
23300;Charlie;Gina;KELP;SEASHELLS;2036;1
23300;Charlie;Paris;RAINFOREST_RESIN;SEASHELLS;9992;2
23300;Paris;Gina;SQUID_INK;SEASHELLS;1990;1
23300;Caesar;Gina;SQUID_INK;SEASHELLS;1989;6
23400;Paris;Caesar;DJEMBES;SEASHELLS;13368;5
23500;Caesar;Paris;CROISSANTS;SEASHELLS;4303;5
23500;Paris;Caesar;JAMS;SEASHELLS;6457;7
23500;Charlie;Paris;KELP;SEASHELLS;2036;1
23500;Charlie;Paris;SQUID_INK;SEASHELLS;1995;1
23700;Paris;Caesar;CROISSANTS;SEASHELLS;4305;8
23800;Paris;Caesar;DJEMBES;SEASHELLS;13369;4
23800;Charlie;Gary;RAINFOREST_RESIN;SEASHELLS;9992;6
23900;Paris;Charlie;KELP;SEASHELLS;2038;1
23900;Paris;Caesar;RAINFOREST_RESIN;SEASHELLS;10001;1
24000;Paris;Charlie;KELP;SEASHELLS;2039;1
24000;Paris;Charlie;SQUID_INK;SEASHELLS;1997;1
24100;Pablo;Caesar;RAINFOREST_RESIN;SEASHELLS;10002;5
24300;Charlie;Paris;RAINFOREST_RESIN;SEASHELLS;9999;1
24300;Camilla;Pablo;VOLCANIC_ROCK_VOUCHER_10000;SEASHELLS;33;7
24300;Camilla;Pablo;VOLCANIC_ROCK_VOUCHER_10250;SEASHELLS;3;7
24300;Camilla;Pablo;VOLCANIC_ROCK_VOUCHER_10500;SEASHELLS;0;7
24300;Camilla;Pablo;VOLCANIC_ROCK_VOUCHER_9500;SEASHELLS;427;7
24300;Camilla;Pablo;VOLCANIC_ROCK_VOUCHER_9750;SEASHELLS;190;7
24400;Charlie;Paris;KELP;SEASHELLS;2036;1
24400;Paris;Camilla;KELP;SEASHELLS;2038;1
24400;Paris;Paris;SQUID_INK;SEASHELLS;1992;1
24500;Caesar;Paris;JAMS;SEASHELLS;6456;8
24500;Gina;Caesar;RAINFOREST_RESIN;SEASHELLS;10003;4
24500;Gina;Charlie;RAINFOREST_RESIN;SEASHELLS;10003;8
24500;Camilla;Pablo;VOLCANIC_ROCK_VOUCHER_10000;SEASHELLS;35;11
24500;Camilla;Pablo;VOLCANIC_ROCK_VOUCHER_10250;SEASHELLS;3;11
24500;Camilla;Pablo;VOLCANIC_ROCK_VOUCHER_10500;SEASHELLS;0;11
24500;Camilla;Pablo;VOLCANIC_ROCK_VOUCHER_9500;SEASHELLS;426;11
24500;Camilla;Pablo;VOLCANIC_ROCK_VOUCHER_9750;SEASHELLS;189;11
24600;Charlie;Paris;RAINFOREST_RESIN;SEASHELLS;9992;2
24700;Paris;Charlie;RAINFOREST_RESIN;SEASHELLS;10008;2
24800;Charlie;Paris;KELP;SEASHELLS;2036;1
24800;Paris;Paris;RAINFOREST_RESIN;SEASHELLS;10001;1
24800;Charlie;Paris;SQUID_INK;SEASHELLS;1999;1
25100;Caesar;Paris;CROISSANTS;SEASHELLS;4302;6
25300;Penelope;Caesar;KELP;SEASHELLS;2039;2
25300;Penelope;Charlie;KELP;SEASHELLS;2039;6
25300;Penelope;Charlie;SQUID_INK;SEASHELLS;2005;8
25300;Camilla;Penelope;VOLCANIC_ROCK_VOUCHER_9500;SEASHELLS;427;13
25300;Caesar;Penelope;VOLCANIC_ROCK_VOUCHER_9500;SEASHELLS;427;2
25300;Camilla;Penelope;VOLCANIC_ROCK_VOUCHER_9750;SEASHELLS;188;13
25300;Caesar;Penelope;VOLCANIC_ROCK_VOUCHER_9750;SEASHELLS;188;2
25400;Charlie;Paris;KELP;SEASHELLS;2036;1
25400;Paris;Charlie;MAGNIFICENT_MACARONS;SEASHELLS;796;7
25400;Charlie;Paris;SQUID_INK;SEASHELLS;1999;1
25700;Caesar;Camilla;CROISSANTS;SEASHELLS;4303;5
25900;Charlie;Paris;KELP;SEASHELLS;2037;1
25900;Charlie;Paris;SQUID_INK;SEASHELLS;2002;1
26100;Camilla;Caesar;VOLCANIC_ROCK_VOUCHER_10000;SEASHELLS;36;18
26100;Camilla;Caesar;VOLCANIC_ROCK_VOUCHER_10250;SEASHELLS;3;18
26100;Camilla;Caesar;VOLCANIC_ROCK_VOUCHER_9500;SEASHELLS;426;18
26100;Camilla;Caesar;VOLCANIC_ROCK_VOUCHER_9750;SEASHELLS;186;18
26200;Caesar;Paris;DJEMBES;SEASHELLS;13376;1
26200;Paris;Charlie;RAINFOREST_RESIN;SEASHELLS;10008;1
26300;Penelope;Camilla;VOLCANIC_ROCK_VOUCHER_9500;SEASHELLS;427;14
26300;Penelope;Camilla;VOLCANIC_ROCK_VOUCHER_9750;SEASHELLS;192;14
26400;Paris;Caesar;CROISSANTS;SEASHELLS;4303;8
26400;Caesar;Paris;DJEMBES;SEASHELLS;13376;2
26400;Charlie;Pablo;RAINFOREST_RESIN;SEASHELLS;9992;5
26400;Camilla;Pablo;VOLCANIC_ROCK_VOUCHER_10000;SEASHELLS;37;5
26400;Camilla;Pablo;VOLCANIC_ROCK_VOUCHER_10250;SEASHELLS;3;5
26400;Camilla;Pablo;VOLCANIC_ROCK_VOUCHER_10500;SEASHELLS;0;5
26400;Camilla;Pablo;VOLCANIC_ROCK_VOUCHER_9500;SEASHELLS;424;5
26400;Camilla;Pablo;VOLCANIC_ROCK_VOUCHER_9750;SEASHELLS;187;5
26600;Caesar;Paris;DJEMBES;SEASHELLS;13377;2
26700;Paris;Caesar;DJEMBES;SEASHELLS;13378;4
26800;Paris;Caesar;JAMS;SEASHELLS;6459;8
26900;Caesar;Paris;CROISSANTS;SEASHELLS;4302;8
26900;Camilla;Caesar;VOLCANIC_ROCK_VOUCHER_10000;SEASHELLS;33;10
26900;Caesar;Caesar;VOLCANIC_ROCK_VOUCHER_10000;SEASHELLS;33;1
26900;Camilla;Caesar;VOLCANIC_ROCK_VOUCHER_10250;SEASHELLS;2;10
26900;Caesar;Caesar;VOLCANIC_ROCK_VOUCHER_10250;SEASHELLS;2;1
26900;Camilla;Caesar;VOLCANIC_ROCK_VOUCHER_9500;SEASHELLS;423;10
26900;Caesar;Caesar;VOLCANIC_ROCK_VOUCHER_9500;SEASHELLS;423;1
26900;Camilla;Caesar;VOLCANIC_ROCK_VOUCHER_9750;SEASHELLS;185;10
26900;Caesar;Caesar;VOLCANIC_ROCK_VOUCHER_9750;SEASHELLS;185;1
27000;Charlie;Paris;RAINFOREST_RESIN;SEASHELLS;9992;2
27000;Caesar;Caesar;VOLCANIC_ROCK;SEASHELLS;9919;6
27100;Caesar;Camilla;DJEMBES;SEASHELLS;13372;6
27100;Penelope;Charlie;KELP;SEASHELLS;2040;10
27100;Penelope;Charlie;SQUID_INK;SEASHELLS;2004;10
27300;Caesar;Paris;JAMS;SEASHELLS;6457;5
27500;Camilla;Caesar;PICNIC_BASKET2;SEASHELLS;30203;2
27600;Paris;Caesar;DJEMBES;SEASHELLS;13377;3
27600;Penelope;Camilla;VOLCANIC_ROCK_VOUCHER_10000;SEASHELLS;35;13
27600;Penelope;Camilla;VOLCANIC_ROCK_VOUCHER_9500;SEASHELLS;415;13
27600;Penelope;Camilla;VOLCANIC_ROCK_VOUCHER_9750;SEASHELLS;180;13
27700;Caesar;Paris;CROISSANTS;SEASHELLS;4302;6
27800;Caesar;Camilla;JAMS;SEASHELLS;6457;5
28000;Camilla;Paris;KELP;SEASHELLS;2036;1
28000;Camilla;Paris;SQUID_INK;SEASHELLS;1994;1
28200;Charlie;Paris;KELP;SEASHELLS;2036;1
28200;Charlie;Paris;RAINFOREST_RESIN;SEASHELLS;9992;2
28200;Charlie;Paris;SQUID_INK;SEASHELLS;1995;1
28300;Penelope;Camilla;VOLCANIC_ROCK_VOUCHER_9500;SEASHELLS;410;16
28300;Penelope;Caesar;VOLCANIC_ROCK_VOUCHER_9500;SEASHELLS;410;1
28300;Penelope;Camilla;VOLCANIC_ROCK_VOUCHER_9750;SEASHELLS;177;16
28300;Penelope;Caesar;VOLCANIC_ROCK_VOUCHER_9750;SEASHELLS;177;1
28400;Caesar;Gina;RAINFOREST_RESIN;SEASHELLS;9997;4
28600;Camilla;Caesar;VOLCANIC_ROCK_VOUCHER_10000;SEASHELLS;32;15
28600;Caesar;Caesar;VOLCANIC_ROCK_VOUCHER_10000;SEASHELLS;32;2
28600;Camilla;Caesar;VOLCANIC_ROCK_VOUCHER_10250;SEASHELLS;2;15
28600;Caesar;Caesar;VOLCANIC_ROCK_VOUCHER_10250;SEASHELLS;2;2
28600;Camilla;Caesar;VOLCANIC_ROCK_VOUCHER_9500;SEASHELLS;408;15
28600;Caesar;Caesar;VOLCANIC_ROCK_VOUCHER_9500;SEASHELLS;408;2
28600;Camilla;Caesar;VOLCANIC_ROCK_VOUCHER_9750;SEASHELLS;170;15
28600;Caesar;Caesar;VOLCANIC_ROCK_VOUCHER_9750;SEASHELLS;170;2
28700;Charlie;Paris;KELP;SEASHELLS;2036;1
28700;Charlie;Paris;SQUID_INK;SEASHELLS;1995;1
28800;Charlie;Pablo;RAINFOREST_RESIN;SEASHELLS;9998;4
28900;Penelope;Charlie;KELP;SEASHELLS;2039;14
28900;Penelope;Charlie;SQUID_INK;SEASHELLS;1999;14
29000;Paris;Caesar;DJEMBES;SEASHELLS;13382;2
29200;Pablo;Charlie;RAINFOREST_RESIN;SEASHELLS;10008;5
29300;Charlie;Paris;KELP;SEASHELLS;2036;1
29300;Charlie;Paris;KELP;SEASHELLS;2036;1
29300;Charlie;Paris;SQUID_INK;SEASHELLS;1995;1
29300;Charlie;Paris;SQUID_INK;SEASHELLS;1995;1
29300;Peter;Caesar;VOLCANIC_ROCK;SEASHELLS;9896;6
29400;Caesar;Paris;CROISSANTS;SEASHELLS;4299;8
29500;Camilla;Caesar;VOLCANIC_ROCK_VOUCHER_10000;SEASHELLS;27;15
29500;Camilla;Caesar;VOLCANIC_ROCK_VOUCHER_10250;SEASHELLS;2;15
29500;Camilla;Pablo;VOLCANIC_ROCK_VOUCHER_10500;SEASHELLS;0;13
29500;Camilla;Caesar;VOLCANIC_ROCK_VOUCHER_9500;SEASHELLS;395;15
29500;Camilla;Caesar;VOLCANIC_ROCK_VOUCHER_9750;SEASHELLS;161;15
29700;Caesar;Camilla;JAMS;SEASHELLS;6456;3
29700;Charlie;Pablo;KELP;SEASHELLS;2036;3
29700;Charlie;Pablo;SQUID_INK;SEASHELLS;1993;3
29700;Camilla;Penelope;VOLCANIC_ROCK_VOUCHER_10000;SEASHELLS;27;12
29700;Camilla;Penelope;VOLCANIC_ROCK_VOUCHER_9500;SEASHELLS;400;12
29700;Camilla;Penelope;VOLCANIC_ROCK_VOUCHER_9750;SEASHELLS;164;12
30300;Caesar;Paris;JAMS;SEASHELLS;6456;8
30400;Charlie;Paris;KELP;SEASHELLS;2036;1
30400;Caesar;Paris;SQUID_INK;SEASHELLS;1994;1
30500;Paris;Charlie;MAGNIFICENT_MACARONS;SEASHELLS;756;5
30600;Gary;Charlie;RAINFOREST_RESIN;SEASHELLS;10008;10
30900;Pablo;Paris;RAINFOREST_RESIN;SEASHELLS;10002;1
30900;Pablo;Caesar;RAINFOREST_RESIN;SEASHELLS;10002;2
30900;Caesar;Caesar;VOLCANIC_ROCK;SEASHELLS;9903;6
31200;Caesar;Paris;CROISSANTS;SEASHELLS;4301;8
31600;Charlie;Gary;RAINFOREST_RESIN;SEASHELLS;9992;8
31600;Camilla;Penelope;VOLCANIC_ROCK_VOUCHER_10000;SEASHELLS;29;12
31600;Caesar;Penelope;VOLCANIC_ROCK_VOUCHER_10000;SEASHELLS;29;1
31600;Camilla;Penelope;VOLCANIC_ROCK_VOUCHER_9500;SEASHELLS;402;12
31600;Caesar;Penelope;VOLCANIC_ROCK_VOUCHER_9500;SEASHELLS;402;1
31600;Camilla;Penelope;VOLCANIC_ROCK_VOUCHER_9750;SEASHELLS;166;12
31600;Caesar;Penelope;VOLCANIC_ROCK_VOUCHER_9750;SEASHELLS;166;1
31700;Caesar;Paris;CROISSANTS;SEASHELLS;4301;6
31700;Paris;Caesar;DJEMBES;SEASHELLS;13382;1
31700;Charlie;Gina;RAINFOREST_RESIN;SEASHELLS;9997;6
31800;Charlie;Penelope;KELP;SEASHELLS;2035;11
31800;Charlie;Penelope;SQUID_INK;SEASHELLS;1999;11
31900;Caesar;Paris;JAMS;SEASHELLS;6457;5
32000;Charlie;Gina;KELP;SEASHELLS;2035;7
32000;Caesar;Paris;MAGNIFICENT_MACARONS;SEASHELLS;760;5
32000;Camilla;Penelope;PICNIC_BASKET1;SEASHELLS;58411;6
32000;Camilla;Penelope;PICNIC_BASKET2;SEASHELLS;30207;6
32100;Caesar;Paris;DJEMBES;SEASHELLS;13376;5
32200;Caesar;Paris;CROISSANTS;SEASHELLS;4302;5
32200;Charlie;Caesar;KELP;SEASHELLS;2036;6
32200;Charlie;Caesar;SQUID_INK;SEASHELLS;1993;6
32300;Charlie;Pablo;KELP;SEASHELLS;2035;2
32400;Charlie;Penelope;RAINFOREST_RESIN;SEASHELLS;9992;5
32500;Paris;Caesar;DJEMBES;SEASHELLS;13377;1
32600;Paris;Caesar;DJEMBES;SEASHELLS;13378;3
32800;Paris;Caesar;JAMS;SEASHELLS;6459;7
32900;Charlie;Penelope;KELP;SEASHELLS;2035;5
32900;Charlie;Penelope;SQUID_INK;SEASHELLS;1986;5
33000;Caesar;Paris;RAINFOREST_RESIN;SEASHELLS;9999;1
33200;Charlie;Paris;KELP;SEASHELLS;2035;1
33200;Paris;Camilla;KELP;SEASHELLS;2037;1
33200;Charlie;Paris;SQUID_INK;SEASHELLS;1986;1
33200;Paris;Camilla;SQUID_INK;SEASHELLS;1988;1
33500;Gina;Camilla;KELP;SEASHELLS;2037;4
33500;Gary;Charlie;RAINFOREST_RESIN;SEASHELLS;10008;9
33500;Gina;Camilla;SQUID_INK;SEASHELLS;1989;4
33600;Charlie;Paris;KELP;SEASHELLS;2035;1
33600;Charlie;Paris;SQUID_INK;SEASHELLS;1988;1
33700;Penelope;Paris;RAINFOREST_RESIN;SEASHELLS;9999;1
33700;Caesar;Caesar;VOLCANIC_ROCK;SEASHELLS;9898;6
33900;Paris;Caesar;CROISSANTS;SEASHELLS;4301;6
34000;Charlie;Paris;KELP;SEASHELLS;2035;1
34000;Paris;Charlie;KELP;SEASHELLS;2039;2
34000;Charlie;Paris;SQUID_INK;SEASHELLS;1986;1
34000;Paris;Charlie;SQUID_INK;SEASHELLS;1989;2
34200;Caesar;Paris;JAMS;SEASHELLS;6457;7
34200;Penelope;Camilla;VOLCANIC_ROCK_VOUCHER_9500;SEASHELLS;400;13
34200;Penelope;Camilla;VOLCANIC_ROCK_VOUCHER_9750;SEASHELLS;166;13
34300;Paris;Caesar;DJEMBES;SEASHELLS;13380;3
34300;Charlie;Pablo;KELP;SEASHELLS;2036;3
34300;Camilla;Pablo;SQUID_INK;SEASHELLS;1987;3
34400;Caesar;Paris;JAMS;SEASHELLS;6458;9
34600;Charlie;Paris;KELP;SEASHELLS;2035;1
34600;Charlie;Paris;SQUID_INK;SEASHELLS;1991;1
34800;Caesar;Paris;RAINFOREST_RESIN;SEASHELLS;9999;1
34900;Camilla;Camilla;MAGNIFICENT_MACARONS;SEASHELLS;757;2
35100;Charlie;Paris;KELP;SEASHELLS;2035;1
35100;Caesar;Paris;MAGNIFICENT_MACARONS;SEASHELLS;748;6
35100;Pablo;Caesar;RAINFOREST_RESIN;SEASHELLS;10002;3
35100;Charlie;Paris;SQUID_INK;SEASHELLS;2001;1
35200;Paris;Charlie;RAINFOREST_RESIN;SEASHELLS;10008;1
35300;Paris;Caesar;DJEMBES;SEASHELLS;13378;1
35400;Paris;Charlie;RAINFOREST_RESIN;SEASHELLS;10008;2
35400;Caesar;Caesar;VOLCANIC_ROCK;SEASHELLS;9908;8
35600;Camilla;Caesar;VOLCANIC_ROCK_VOUCHER_10000;SEASHELLS;30;13
35600;Caesar;Caesar;VOLCANIC_ROCK_VOUCHER_10000;SEASHELLS;30;1
35600;Camilla;Caesar;VOLCANIC_ROCK_VOUCHER_10250;SEASHELLS;2;13
35600;Caesar;Caesar;VOLCANIC_ROCK_VOUCHER_10250;SEASHELLS;2;1
35600;Camilla;Caesar;VOLCANIC_ROCK_VOUCHER_9500;SEASHELLS;408;13
35600;Caesar;Caesar;VOLCANIC_ROCK_VOUCHER_9500;SEASHELLS;408;1
35600;Camilla;Caesar;VOLCANIC_ROCK_VOUCHER_9750;SEASHELLS;172;13
35600;Caesar;Caesar;VOLCANIC_ROCK_VOUCHER_9750;SEASHELLS;172;1
35700;Paris;Caesar;CROISSANTS;SEASHELLS;4302;6
35800;Caesar;Caesar;VOLCANIC_ROCK;SEASHELLS;9905;5
35800;Caesar;Peter;VOLCANIC_ROCK;SEASHELLS;9905;8
36100;Paris;Caesar;JAMS;SEASHELLS;6458;5
36200;Paris;Caesar;DJEMBES;SEASHELLS;13380;3
36200;Caesar;Peter;VOLCANIC_ROCK;SEASHELLS;9908;6
36300;Paris;Caesar;CROISSANTS;SEASHELLS;4304;7
36300;Paris;Charlie;KELP;SEASHELLS;2037;1
36300;Charlie;Paris;RAINFOREST_RESIN;SEASHELLS;9999;1
36300;Paris;Charlie;SQUID_INK;SEASHELLS;2000;1
36300;Penelope;Camilla;VOLCANIC_ROCK_VOUCHER_10000;SEASHELLS;30;15
36300;Penelope;Camilla;VOLCANIC_ROCK_VOUCHER_9500;SEASHELLS;411;15
36300;Penelope;Camilla;VOLCANIC_ROCK_VOUCHER_9750;SEASHELLS;174;15
36500;Paris;Caesar;KELP;SEASHELLS;2037;1
36500;Charlie;Caesar;KELP;SEASHELLS;2036;2
36500;Camilla;Penelope;PICNIC_BASKET1;SEASHELLS;58425;6
36500;Camilla;Penelope;PICNIC_BASKET2;SEASHELLS;30202;6
36500;Paris;Caesar;SQUID_INK;SEASHELLS;2000;1
36500;Charlie;Caesar;SQUID_INK;SEASHELLS;1999;2
36900;Charlie;Penelope;KELP;SEASHELLS;2035;14
36900;Caesar;Camilla;MAGNIFICENT_MACARONS;SEASHELLS;753;3
36900;Caesar;Pablo;PICNIC_BASKET1;SEASHELLS;58419;2
36900;Camilla;Pablo;PICNIC_BASKET1;SEASHELLS;58418;2
36900;Camilla;Pablo;PICNIC_BASKET2;SEASHELLS;30201;4
36900;Caesar;Penelope;SQUID_INK;SEASHELLS;2000;2
37000;Paris;Caesar;CROISSANTS;SEASHELLS;4304;5
37000;Caesar;Paris;DJEMBES;SEASHELLS;13378;1
37200;Paris;Caesar;DJEMBES;SEASHELLS;13377;5
37200;Caesar;Pablo;PICNIC_BASKET1;SEASHELLS;58432;2
37200;Camilla;Pablo;PICNIC_BASKET1;SEASHELLS;58431;5
37200;Caesar;Pablo;PICNIC_BASKET2;SEASHELLS;30199;2
37200;Charlie;Pablo;PICNIC_BASKET2;SEASHELLS;30198;5
37400;Paris;Caesar;DJEMBES;SEASHELLS;13375;2
37400;Paris;Charlie;KELP;SEASHELLS;2038;2
37400;Paris;Charlie;SQUID_INK;SEASHELLS;2009;2
37500;Charlie;Paris;KELP;SEASHELLS;2034;1
37500;Charlie;Paris;SQUID_INK;SEASHELLS;2006;1
37600;Caesar;Paris;CROISSANTS;SEASHELLS;4302;6
37600;Paris;Caesar;DJEMBES;SEASHELLS;13377;2
37600;Charlie;Pablo;KELP;SEASHELLS;2035;3
37600;Charlie;Pablo;RAINFOREST_RESIN;SEASHELLS;9998;5
37600;Charlie;Pablo;SQUID_INK;SEASHELLS;2005;3
37900;Paris;Caesar;JAMS;SEASHELLS;6459;8
38000;Charlie;Penelope;KELP;SEASHELLS;2034;14
38000;Charlie;Penelope;SQUID_INK;SEASHELLS;2001;14
38100;Paris;Caesar;DJEMBES;SEASHELLS;13377;4
38100;Caesar;Paris;RAINFOREST_RESIN;SEASHELLS;9999;1
38300;Paris;Caesar;JAMS;SEASHELLS;6462;10
38300;Charlie;Penelope;KELP;SEASHELLS;2034;8
38300;Charlie;Penelope;SQUID_INK;SEASHELLS;2000;8
38400;Paris;Camilla;KELP;SEASHELLS;2036;2
38400;Paris;Camilla;SQUID_INK;SEASHELLS;2003;2
38700;Caesar;Camilla;CROISSANTS;SEASHELLS;4303;10
38800;Caesar;Camilla;JAMS;SEASHELLS;6459;5
38800;Charlie;Paris;KELP;SEASHELLS;2034;1
38800;Paris;Charlie;KELP;SEASHELLS;2037;2
38800;Charlie;Penelope;RAINFOREST_RESIN;SEASHELLS;9992;7
38800;Paris;Paris;SQUID_INK;SEASHELLS;2001;1
39000;Caesar;Camilla;CROISSANTS;SEASHELLS;4302;6
39000;Pablo;Paris;RAINFOREST_RESIN;SEASHELLS;10002;1
39000;Pablo;Charlie;RAINFOREST_RESIN;SEASHELLS;10002;4
39200;Caesar;Pablo;PICNIC_BASKET1;SEASHELLS;58449;1
39200;Camilla;Pablo;PICNIC_BASKET1;SEASHELLS;58448;3
39200;Caesar;Pablo;PICNIC_BASKET2;SEASHELLS;30197;1
39200;Camilla;Pablo;PICNIC_BASKET2;SEASHELLS;30197;3
39500;Camilla;Paris;KELP;SEASHELLS;2035;1
39500;Camilla;Paris;SQUID_INK;SEASHELLS;2002;1
39600;Paris;Charlie;RAINFOREST_RESIN;SEASHELLS;10008;2
39700;Camilla;Caesar;VOLCANIC_ROCK_VOUCHER_10000;SEASHELLS;36;10
39700;Camilla;Caesar;VOLCANIC_ROCK_VOUCHER_10250;SEASHELLS;3;10
39700;Camilla;Caesar;VOLCANIC_ROCK_VOUCHER_9500;SEASHELLS;429;10
39700;Camilla;Caesar;VOLCANIC_ROCK_VOUCHER_9750;SEASHELLS;191;10
39900;Caesar;Paris;MAGNIFICENT_MACARONS;SEASHELLS;723;4
39900;Camilla;Pablo;VOLCANIC_ROCK_VOUCHER_10000;SEASHELLS;34;6
39900;Camilla;Pablo;VOLCANIC_ROCK_VOUCHER_10250;SEASHELLS;3;6
39900;Camilla;Pablo;VOLCANIC_ROCK_VOUCHER_10500;SEASHELLS;0;6
39900;Camilla;Pablo;VOLCANIC_ROCK_VOUCHER_9500;SEASHELLS;428;6
39900;Caesar;Pablo;VOLCANIC_ROCK_VOUCHER_9750;SEASHELLS;190;1
39900;Camilla;Pablo;VOLCANIC_ROCK_VOUCHER_9750;SEASHELLS;189;5
40100;Caesar;Paris;DJEMBES;SEASHELLS;13374;2
40100;Caesar;Camilla;JAMS;SEASHELLS;6459;11
40100;Paris;Charlie;KELP;SEASHELLS;2037;1
40100;Paris;Charlie;RAINFOREST_RESIN;SEASHELLS;10008;1
40100;Paris;Charlie;SQUID_INK;SEASHELLS;2005;1
40300;Camilla;Caesar;VOLCANIC_ROCK_VOUCHER_10000;SEASHELLS;34;13
40300;Camilla;Caesar;VOLCANIC_ROCK_VOUCHER_10250;SEASHELLS;3;13
40300;Camilla;Caesar;VOLCANIC_ROCK_VOUCHER_9750;SEASHELLS;188;13
40400;Paris;Caesar;DJEMBES;SEASHELLS;13375;3
40400;Caesar;Caesar;VOLCANIC_ROCK;SEASHELLS;9927;6
40400;Camilla;Pablo;VOLCANIC_ROCK_VOUCHER_10000;SEASHELLS;37;5
40400;Camilla;Pablo;VOLCANIC_ROCK_VOUCHER_10250;SEASHELLS;3;5
40400;Caesar;Pablo;VOLCANIC_ROCK_VOUCHER_10500;SEASHELLS;1;5
40400;Camilla;Pablo;VOLCANIC_ROCK_VOUCHER_9500;SEASHELLS;428;5
40400;Camilla;Pablo;VOLCANIC_ROCK_VOUCHER_9750;SEASHELLS;191;5
40700;Caesar;Paris;MAGNIFICENT_MACARONS;SEASHELLS;729;4
40700;Camilla;Pablo;VOLCANIC_ROCK_VOUCHER_10000;SEASHELLS;35;12
40700;Caesar;Pablo;VOLCANIC_ROCK_VOUCHER_10000;SEASHELLS;35;1
40700;Camilla;Pablo;VOLCANIC_ROCK_VOUCHER_10250;SEASHELLS;3;12
40700;Caesar;Pablo;VOLCANIC_ROCK_VOUCHER_10250;SEASHELLS;3;1
40700;Camilla;Pablo;VOLCANIC_ROCK_VOUCHER_10500;SEASHELLS;0;12
40700;Caesar;Pablo;VOLCANIC_ROCK_VOUCHER_10500;SEASHELLS;0;1
40700;Camilla;Pablo;VOLCANIC_ROCK_VOUCHER_9500;SEASHELLS;427;12
40700;Caesar;Pablo;VOLCANIC_ROCK_VOUCHER_9500;SEASHELLS;427;1
40700;Camilla;Pablo;VOLCANIC_ROCK_VOUCHER_9750;SEASHELLS;189;12
40700;Caesar;Pablo;VOLCANIC_ROCK_VOUCHER_9750;SEASHELLS;189;1
40800;Paris;Camilla;KELP;SEASHELLS;2037;1
40800;Charlie;Paris;KELP;SEASHELLS;2035;1
40800;Paris;Camilla;SQUID_INK;SEASHELLS;2005;1
40800;Charlie;Paris;SQUID_INK;SEASHELLS;2003;1
40800;Pablo;Caesar;VOLCANIC_ROCK;SEASHELLS;9930;3
40900;Caesar;Paris;DJEMBES;SEASHELLS;13373;5
41200;Caesar;Paris;MAGNIFICENT_MACARONS;SEASHELLS;732;5
41200;Penelope;Paris;RAINFOREST_RESIN;SEASHELLS;9999;1
41300;Gary;Camilla;KELP;SEASHELLS;2037;4
41300;Penelope;Caesar;PICNIC_BASKET1;SEASHELLS;58446;2
41300;Penelope;Caesar;PICNIC_BASKET2;SEASHELLS;30180;2
41300;Gary;Camilla;SQUID_INK;SEASHELLS;2008;4
41500;Paris;Camilla;KELP;SEASHELLS;2037;1
41500;Paris;Camilla;SQUID_INK;SEASHELLS;2009;1
41700;Charlie;Penelope;KELP;SEASHELLS;2035;7
41700;Charlie;Penelope;SQUID_INK;SEASHELLS;2010;7
41800;Charlie;Paris;RAINFOREST_RESIN;SEASHELLS;9992;1
41900;Caesar;Caesar;VOLCANIC_ROCK;SEASHELLS;9934;9
42000;Camilla;Caesar;KELP;SEASHELLS;2036;2
42200;Camilla;Penelope;PICNIC_BASKET1;SEASHELLS;58433;5
42200;Camilla;Penelope;PICNIC_BASKET2;SEASHELLS;30167;5
42300;Peter;Caesar;VOLCANIC_ROCK;SEASHELLS;9937;5
42400;Caesar;Paris;KELP;SEASHELLS;2036;1
42400;Caesar;Paris;SQUID_INK;SEASHELLS;2014;1
42600;Paris;Charlie;RAINFOREST_RESIN;SEASHELLS;10001;1
42700;Caesar;Paris;DJEMBES;SEASHELLS;13369;1
42700;Caesar;Penelope;PICNIC_BASKET1;SEASHELLS;58442;1
42700;Caesar;Penelope;PICNIC_BASKET2;SEASHELLS;30173;1
42800;Paris;Camilla;KELP;SEASHELLS;2037;1
42800;Paris;Camilla;SQUID_INK;SEASHELLS;2019;1
42800;Caesar;Caesar;VOLCANIC_ROCK;SEASHELLS;9932;6
42900;Paris;Charlie;KELP;SEASHELLS;2038;1
42900;Paris;Charlie;SQUID_INK;SEASHELLS;2021;1
43100;Penelope;Caesar;PICNIC_BASKET1;SEASHELLS;58445;2
43100;Penelope;Caesar;PICNIC_BASKET2;SEASHELLS;30178;2
43100;Paris;Charlie;RAINFOREST_RESIN;SEASHELLS;10008;2
43200;Caesar;Paris;JAMS;SEASHELLS;6461;9
43200;Caesar;Caesar;VOLCANIC_ROCK;SEASHELLS;9936;9
43400;Penelope;Charlie;KELP;SEASHELLS;2039;6
43400;Penelope;Charlie;SQUID_INK;SEASHELLS;2035;6
43500;Paris;Caesar;DJEMBES;SEASHELLS;13371;5
43900;Camilla;Penelope;VOLCANIC_ROCK_VOUCHER_9500;SEASHELLS;441;10
43900;Camilla;Penelope;VOLCANIC_ROCK_VOUCHER_9750;SEASHELLS;201;10
44000;Caesar;Paris;DJEMBES;SEASHELLS;13368;3
44100;Paris;Caesar;JAMS;SEASHELLS;6464;5
44100;Paris;Charlie;KELP;SEASHELLS;2038;1
44100;Paris;Charlie;SQUID_INK;SEASHELLS;2044;1
44200;Charlie;Paris;KELP;SEASHELLS;2035;1
44200;Charlie;Paris;SQUID_INK;SEASHELLS;2038;1
44300;Caesar;Paris;JAMS;SEASHELLS;6462;7
44300;Gary;Charlie;KELP;SEASHELLS;2038;8
44300;Gary;Charlie;SQUID_INK;SEASHELLS;2043;8
44500;Paris;Caesar;CROISSANTS;SEASHELLS;4299;8
44500;Charlie;Pablo;RAINFOREST_RESIN;SEASHELLS;9992;6
45200;Caesar;Pablo;VOLCANIC_ROCK;SEASHELLS;9944;3
45300;Camilla;Caesar;PICNIC_BASKET2;SEASHELLS;30188;1
45700;Paris;Caesar;JAMS;SEASHELLS;6463;4
45800;Caesar;Paris;CROISSANTS;SEASHELLS;4298;5
45800;Camilla;Pablo;VOLCANIC_ROCK_VOUCHER_10000;SEASHELLS;39;6
45800;Camilla;Pablo;VOLCANIC_ROCK_VOUCHER_10250;SEASHELLS;3;6
45800;Camilla;Pablo;VOLCANIC_ROCK_VOUCHER_10500;SEASHELLS;0;6
45800;Camilla;Pablo;VOLCANIC_ROCK_VOUCHER_9500;SEASHELLS;443;6
45800;Camilla;Pablo;VOLCANIC_ROCK_VOUCHER_9750;SEASHELLS;204;6
45900;Paris;Charlie;KELP;SEASHELLS;2037;1
46600;Caesar;Paris;JAMS;SEASHELLS;6461;6
46600;Paris;Camilla;KELP;SEASHELLS;2037;1
46600;Gina;Camilla;KELP;SEASHELLS;2036;1
46600;Paris;Camilla;SQUID_INK;SEASHELLS;2033;1
46600;Gina;Camilla;SQUID_INK;SEASHELLS;2033;1
46700;Camilla;Caesar;VOLCANIC_ROCK_VOUCHER_10000;SEASHELLS;34;13
46700;Camilla;Caesar;VOLCANIC_ROCK_VOUCHER_10250;SEASHELLS;3;13
46700;Camilla;Caesar;VOLCANIC_ROCK_VOUCHER_9500;SEASHELLS;439;13
46700;Camilla;Caesar;VOLCANIC_ROCK_VOUCHER_9750;SEASHELLS;200;13
46900;Paris;Caesar;DJEMBES;SEASHELLS;13367;4
47000;Caesar;Paris;CROISSANTS;SEASHELLS;4297;6
47000;Caesar;Paris;MAGNIFICENT_MACARONS;SEASHELLS;720;6
47100;Pablo;Charlie;RAINFOREST_RESIN;SEASHELLS;10002;4
47300;Paris;Caesar;JAMS;SEASHELLS;6464;9
47300;Paris;Charlie;KELP;SEASHELLS;2038;2
47300;Paris;Charlie;SQUID_INK;SEASHELLS;2040;2
47400;Caesar;Camilla;DJEMBES;SEASHELLS;13366;5
47500;Camilla;Pablo;VOLCANIC_ROCK_VOUCHER_10000;SEASHELLS;43;5
47500;Camilla;Pablo;VOLCANIC_ROCK_VOUCHER_10250;SEASHELLS;3;5
47500;Camilla;Pablo;VOLCANIC_ROCK_VOUCHER_10500;SEASHELLS;0;5
47500;Camilla;Pablo;VOLCANIC_ROCK_VOUCHER_9500;SEASHELLS;448;5
47500;Camilla;Pablo;VOLCANIC_ROCK_VOUCHER_9750;SEASHELLS;207;5
47600;Charlie;Paris;KELP;SEASHELLS;2035;1
47600;Charlie;Paris;SQUID_INK;SEASHELLS;2038;1
47800;Charlie;Penelope;KELP;SEASHELLS;2035;13
47800;Charlie;Paris;KELP;SEASHELLS;2035;2
47800;Charlie;Penelope;SQUID_INK;SEASHELLS;2038;13
47800;Charlie;Paris;SQUID_INK;SEASHELLS;2038;2
47900;Paris;Caesar;CROISSANTS;SEASHELLS;4298;7
48000;Charlie;Gina;KELP;SEASHELLS;2035;8
48100;Charlie;Gina;KELP;SEASHELLS;2035;7
48100;Gary;Camilla;KELP;SEASHELLS;2037;4
48100;Gary;Charlie;KELP;SEASHELLS;2037;7
48100;Charlie;Gina;SQUID_INK;SEASHELLS;2038;7
48100;Gary;Camilla;SQUID_INK;SEASHELLS;2040;4
48300;Paris;Charlie;MAGNIFICENT_MACARONS;SEASHELLS;722;7
48700;Charlie;Penelope;RAINFOREST_RESIN;SEASHELLS;9992;8
48800;Paris;Camilla;KELP;SEASHELLS;2037;1
48800;Paris;Camilla;SQUID_INK;SEASHELLS;2039;1
48900;Caesar;Penelope;PICNIC_BASKET1;SEASHELLS;58441;2
48900;Camilla;Penelope;PICNIC_BASKET2;SEASHELLS;30212;9
49000;Caesar;Caesar;VOLCANIC_ROCK;SEASHELLS;9956;7
49100;Paris;Pablo;KELP;SEASHELLS;2035;1
49100;Caesar;Pablo;KELP;SEASHELLS;2035;2
49100;Paris;Pablo;SQUID_INK;SEASHELLS;2038;1
49100;Charlie;Pablo;SQUID_INK;SEASHELLS;2038;4
49400;Caesar;Camilla;JAMS;SEASHELLS;6467;6
49400;Paris;Charlie;KELP;SEASHELLS;2037;1
49400;Paris;Charlie;SQUID_INK;SEASHELLS;2045;1
49500;Penelope;Charlie;RAINFOREST_RESIN;SEASHELLS;10008;8
49600;Caesar;Paris;CROISSANTS;SEASHELLS;4299;6
49700;Camilla;Penelope;RAINFOREST_RESIN;SEASHELLS;9997;4
49700;Charlie;Penelope;RAINFOREST_RESIN;SEASHELLS;9997;3
49800;Caesar;Paris;KELP;SEASHELLS;2035;1
49800;Charlie;Paris;SQUID_INK;SEASHELLS;2045;1
49900;Paris;Caesar;CROISSANTS;SEASHELLS;4299;8
49900;Paris;Camilla;JAMS;SEASHELLS;6469;4
49900;Charlie;Paris;KELP;SEASHELLS;2035;1
49900;Charlie;Paris;SQUID_INK;SEASHELLS;2043;1
50100;Paris;Caesar;DJEMBES;SEASHELLS;13369;3
50100;Caesar;Penelope;PICNIC_BASKET1;SEASHELLS;58440;2
50100;Camilla;Penelope;PICNIC_BASKET2;SEASHELLS;30215;10
50100;Paris;Charlie;RAINFOREST_RESIN;SEASHELLS;10008;2
50200;Charlie;Paris;KELP;SEASHELLS;2034;1
50200;Charlie;Paris;SQUID_INK;SEASHELLS;2044;1
50200;Caesar;Caesar;VOLCANIC_ROCK;SEASHELLS;9950;9
50200;Camilla;Penelope;VOLCANIC_ROCK_VOUCHER_9500;SEASHELLS;451;20
50200;Camilla;Penelope;VOLCANIC_ROCK_VOUCHER_9750;SEASHELLS;211;20
50300;Caesar;Paris;MAGNIFICENT_MACARONS;SEASHELLS;714;7
50300;Camilla;Caesar;VOLCANIC_ROCK_VOUCHER_10000;SEASHELLS;40;18
50300;Camilla;Caesar;VOLCANIC_ROCK_VOUCHER_10250;SEASHELLS;3;18
50300;Camilla;Caesar;VOLCANIC_ROCK_VOUCHER_9500;SEASHELLS;449;18
50300;Camilla;Caesar;VOLCANIC_ROCK_VOUCHER_9750;SEASHELLS;208;18
50500;Paris;Pablo;KELP;SEASHELLS;2035;1
50500;Paris;Pablo;SQUID_INK;SEASHELLS;2042;1
50500;Charlie;Pablo;SQUID_INK;SEASHELLS;2042;1
50700;Charlie;Paris;KELP;SEASHELLS;2034;1
50700;Charlie;Paris;SQUID_INK;SEASHELLS;2042;1
50800;Penelope;Camilla;PICNIC_BASKET1;SEASHELLS;58442;5
50800;Penelope;Charlie;PICNIC_BASKET2;SEASHELLS;30217;5
51000;Charlie;Paris;KELP;SEASHELLS;2034;1
51000;Charlie;Paris;SQUID_INK;SEASHELLS;2047;1
51100;Caesar;Paris;JAMS;SEASHELLS;6468;7
51300;Camilla;Paris;KELP;SEASHELLS;2034;1
51300;Paris;Charlie;KELP;SEASHELLS;2038;2
51300;Camilla;Paris;SQUID_INK;SEASHELLS;2044;1
51300;Paris;Charlie;SQUID_INK;SEASHELLS;2047;2
51400;Penelope;Caesar;PICNIC_BASKET1;SEASHELLS;58424;1
51400;Penelope;Camilla;PICNIC_BASKET2;SEASHELLS;30209;9
51600;Caesar;Camilla;JAMS;SEASHELLS;6466;5
51800;Paris;Caesar;JAMS;SEASHELLS;6469;9
51900;Camilla;Penelope;VOLCANIC_ROCK_VOUCHER_9500;SEASHELLS;452;13
51900;Camilla;Penelope;VOLCANIC_ROCK_VOUCHER_9750;SEASHELLS;212;13
52000;Camilla;Pablo;VOLCANIC_ROCK_VOUCHER_10000;SEASHELLS;43;15
52000;Camilla;Pablo;VOLCANIC_ROCK_VOUCHER_10250;SEASHELLS;3;15
52000;Camilla;Pablo;VOLCANIC_ROCK_VOUCHER_10500;SEASHELLS;0;15
52000;Camilla;Pablo;VOLCANIC_ROCK_VOUCHER_9500;SEASHELLS;452;15
52000;Camilla;Pablo;VOLCANIC_ROCK_VOUCHER_9750;SEASHELLS;210;15
52300;Paris;Camilla;MAGNIFICENT_MACARONS;SEASHELLS;727;4
52400;Caesar;Paris;CROISSANTS;SEASHELLS;4296;7
52400;Paris;Caesar;JAMS;SEASHELLS;6465;7
52500;Gary;Charlie;KELP;SEASHELLS;2037;13
52500;Gary;Charlie;SQUID_INK;SEASHELLS;2029;13
52500;Caesar;Caesar;VOLCANIC_ROCK;SEASHELLS;9953;10
52700;Charlie;Paris;KELP;SEASHELLS;2034;2
52700;Charlie;Paris;SQUID_INK;SEASHELLS;2026;2
52800;Paris;Charlie;KELP;SEASHELLS;2036;1
52800;Camilla;Caesar;PICNIC_BASKET2;SEASHELLS;30191;2
52800;Pablo;Charlie;RAINFOREST_RESIN;SEASHELLS;10008;4
52800;Paris;Charlie;SQUID_INK;SEASHELLS;2029;1
52900;Camilla;Pablo;SQUID_INK;SEASHELLS;2031;5
53300;Caesar;Paris;CROISSANTS;SEASHELLS;4296;5
53300;Paris;Charlie;KELP;SEASHELLS;2036;1
53300;Paris;Charlie;SQUID_INK;SEASHELLS;2028;1
53400;Penelope;Charlie;RAINFOREST_RESIN;SEASHELLS;10008;5
53500;Charlie;Paris;KELP;SEASHELLS;2034;1
53500;Charlie;Paris;SQUID_INK;SEASHELLS;2027;1
53600;Camilla;Paris;KELP;SEASHELLS;2034;1
53600;Charlie;Penelope;RAINFOREST_RESIN;SEASHELLS;9992;7
53600;Camilla;Paris;SQUID_INK;SEASHELLS;2026;1
53700;Camilla;Paris;KELP;SEASHELLS;2034;1
53700;Charlie;Gary;RAINFOREST_RESIN;SEASHELLS;9992;6
53700;Camilla;Paris;SQUID_INK;SEASHELLS;2027;1
53800;Camilla;Paris;JAMS;SEASHELLS;6465;4
53900;Paris;Charlie;KELP;SEASHELLS;2038;2
53900;Paris;Charlie;SQUID_INK;SEASHELLS;2030;2
54000;Charlie;Paris;RAINFOREST_RESIN;SEASHELLS;9992;1
54100;Paris;Caesar;JAMS;SEASHELLS;6465;6
54100;Penelope;Camilla;VOLCANIC_ROCK_VOUCHER_10000;SEASHELLS;49;12
54100;Penelope;Camilla;VOLCANIC_ROCK_VOUCHER_9500;SEASHELLS;454;12
54100;Penelope;Camilla;VOLCANIC_ROCK_VOUCHER_9750;SEASHELLS;213;12
54200;Paris;Charlie;KELP;SEASHELLS;2037;1
54200;Paris;Charlie;SQUID_INK;SEASHELLS;2026;1
54300;Camilla;Caesar;VOLCANIC_ROCK_VOUCHER_10000;SEASHELLS;42;12
54300;Camilla;Caesar;VOLCANIC_ROCK_VOUCHER_10250;SEASHELLS;3;12
54300;Camilla;Caesar;VOLCANIC_ROCK_VOUCHER_9500;SEASHELLS;452;12
54300;Camilla;Caesar;VOLCANIC_ROCK_VOUCHER_9750;SEASHELLS;212;12
54600;Pablo;Pablo;RAINFOREST_RESIN;SEASHELLS;10002;4
54600;Charlie;Pablo;SQUID_INK;SEASHELLS;2021;3
54900;Caesar;Paris;JAMS;SEASHELLS;6463;4
54900;Caesar;Caesar;VOLCANIC_ROCK;SEASHELLS;9951;8
54900;Caesar;Peter;VOLCANIC_ROCK;SEASHELLS;9951;7
55000;Caesar;Paris;JAMS;SEASHELLS;6463;6
55100;Caesar;Paris;DJEMBES;SEASHELLS;13358;4
55200;Caesar;Paris;JAMS;SEASHELLS;6463;4
55300;Paris;Caesar;DJEMBES;SEASHELLS;13362;2
55500;Gary;Charlie;KELP;SEASHELLS;2038;14
55500;Gary;Charlie;SQUID_INK;SEASHELLS;2009;14
55600;Caesar;Camilla;CROISSANTS;SEASHELLS;4296;4
55600;Paris;Caesar;DJEMBES;SEASHELLS;13362;3
55600;Caesar;Paris;JAMS;SEASHELLS;6463;6
55600;Pablo;Caesar;PICNIC_BASKET1;SEASHELLS;58364;1
55700;Paris;Caesar;CROISSANTS;SEASHELLS;4297;7
55700;Caesar;Paris;JAMS;SEASHELLS;6462;7
55700;Caesar;Pablo;RAINFOREST_RESIN;SEASHELLS;9998;4
55900;Charlie;Paris;RAINFOREST_RESIN;SEASHELLS;9992;2
56000;Paris;Caesar;CROISSANTS;SEASHELLS;4297;7
56100;Caesar;Paris;JAMS;SEASHELLS;6463;4
56100;Charlie;Penelope;KELP;SEASHELLS;2034;9
56100;Charlie;Penelope;SQUID_INK;SEASHELLS;2008;9
56200;Paris;Caesar;RAINFOREST_RESIN;SEASHELLS;10000;2
56300;Caesar;Paris;CROISSANTS;SEASHELLS;4296;8
56300;Gary;Charlie;KELP;SEASHELLS;2038;13
56300;Gary;Charlie;SQUID_INK;SEASHELLS;2010;13
56300;Caesar;Caesar;VOLCANIC_ROCK;SEASHELLS;9952;8
56400;Charlie;Paris;KELP;SEASHELLS;2035;1
56400;Charlie;Paris;SQUID_INK;SEASHELLS;2008;1
56500;Caesar;Paris;DJEMBES;SEASHELLS;13358;4
56700;Camilla;Caesar;PICNIC_BASKET2;SEASHELLS;30190;1
56800;Caesar;Camilla;CROISSANTS;SEASHELLS;4296;7
56800;Caesar;Penelope;PICNIC_BASKET1;SEASHELLS;58344;2
56800;Caesar;Penelope;PICNIC_BASKET2;SEASHELLS;30186;2
56800;Penelope;Charlie;RAINFOREST_RESIN;SEASHELLS;10008;4
56900;Paris;Charlie;KELP;SEASHELLS;2037;1
56900;Paris;Charlie;SQUID_INK;SEASHELLS;2005;1
57000;Caesar;Paris;CROISSANTS;SEASHELLS;4296;6
57100;Paris;Caesar;DJEMBES;SEASHELLS;13355;5
57100;Gary;Charlie;KELP;SEASHELLS;2038;11
57100;Gary;Charlie;SQUID_INK;SEASHELLS;1996;11
57200;Charlie;Paris;RAINFOREST_RESIN;SEASHELLS;9992;2
57300;Pablo;Charlie;RAINFOREST_RESIN;SEASHELLS;10002;3
57500;Charlie;Paris;KELP;SEASHELLS;2035;1
57500;Charlie;Paris;SQUID_INK;SEASHELLS;1992;1
57600;Paris;Caesar;CROISSANTS;SEASHELLS;4298;7
57800;Caesar;Camilla;JAMS;SEASHELLS;6460;4
57900;Penelope;Caesar;PICNIC_BASKET1;SEASHELLS;58340;2
57900;Penelope;Charlie;PICNIC_BASKET2;SEASHELLS;30178;7
58000;Caesar;Penelope;PICNIC_BASKET1;SEASHELLS;58336;1
58000;Caesar;Penelope;PICNIC_BASKET2;SEASHELLS;30170;1
58100;Paris;Caesar;JAMS;SEASHELLS;6462;8
58100;Camilla;Paris;KELP;SEASHELLS;2035;1
58100;Camilla;Paris;SQUID_INK;SEASHELLS;1992;1
58300;Caesar;Camilla;CROISSANTS;SEASHELLS;4295;7
58300;Paris;Caesar;DJEMBES;SEASHELLS;13356;3
58300;Gary;Camilla;KELP;SEASHELLS;2036;6
58300;Gary;Camilla;SQUID_INK;SEASHELLS;1987;6
58300;Camilla;Pablo;VOLCANIC_ROCK_VOUCHER_10000;SEASHELLS;42;11
58300;Camilla;Pablo;VOLCANIC_ROCK_VOUCHER_10250;SEASHELLS;3;11
58300;Camilla;Pablo;VOLCANIC_ROCK_VOUCHER_10500;SEASHELLS;0;11
58300;Camilla;Pablo;VOLCANIC_ROCK_VOUCHER_9500;SEASHELLS;443;11
58300;Camilla;Pablo;VOLCANIC_ROCK_VOUCHER_9750;SEASHELLS;202;11
58400;Charlie;Pablo;RAINFOREST_RESIN;SEASHELLS;9998;5
58500;Paris;Caesar;CROISSANTS;SEASHELLS;4296;5
58600;Caesar;Paris;JAMS;SEASHELLS;6459;8
58700;Caesar;Camilla;CROISSANTS;SEASHELLS;4295;4
58700;Paris;Charlie;KELP;SEASHELLS;2037;1
58700;Paris;Charlie;SQUID_INK;SEASHELLS;1986;1
58800;Paris;Caesar;JAMS;SEASHELLS;6461;6
58900;Caesar;Paris;JAMS;SEASHELLS;6459;10
58900;Paris;Camilla;RAINFOREST_RESIN;SEASHELLS;10003;1
59000;Charlie;Paris;KELP;SEASHELLS;2035;1
59000;Charlie;Paris;SQUID_INK;SEASHELLS;1990;1
59200;Camilla;Pablo;PICNIC_BASKET1;SEASHELLS;58330;2
59200;Camilla;Pablo;PICNIC_BASKET2;SEASHELLS;30172;2
59400;Paris;Caesar;DJEMBES;SEASHELLS;13356;4
59400;Charlie;Caesar;KELP;SEASHELLS;2036;3
59400;Charlie;Caesar;SQUID_INK;SEASHELLS;1996;3
59600;Paris;Caesar;JAMS;SEASHELLS;6461;8
59600;Gary;Charlie;KELP;SEASHELLS;2038;12
59600;Gary;Charlie;SQUID_INK;SEASHELLS;1998;12
59700;Paris;Caesar;KELP;SEASHELLS;2037;1
59700;Paris;Caesar;SQUID_INK;SEASHELLS;2000;1
59800;Paris;Caesar;CROISSANTS;SEASHELLS;4296;7
59900;Caesar;Paris;CROISSANTS;SEASHELLS;4295;6
59900;Charlie;Penelope;RAINFOREST_RESIN;SEASHELLS;9992;7
59900;Penelope;Camilla;VOLCANIC_ROCK_VOUCHER_10000;SEASHELLS;37;11
59900;Penelope;Caesar;VOLCANIC_ROCK_VOUCHER_10000;SEASHELLS;37;2
59900;Penelope;Camilla;VOLCANIC_ROCK_VOUCHER_9500;SEASHELLS;436;11
59900;Penelope;Caesar;VOLCANIC_ROCK_VOUCHER_9500;SEASHELLS;436;2
59900;Penelope;Camilla;VOLCANIC_ROCK_VOUCHER_9750;SEASHELLS;196;11
59900;Penelope;Caesar;VOLCANIC_ROCK_VOUCHER_9750;SEASHELLS;196;2
60000;Camilla;Penelope;KELP;SEASHELLS;2035;6
60000;Camilla;Penelope;SQUID_INK;SEASHELLS;1999;6
60200;Camilla;Penelope;KELP;SEASHELLS;2036;3
60200;Charlie;Penelope;KELP;SEASHELLS;2036;4
60200;Camilla;Penelope;SQUID_INK;SEASHELLS;1997;3
60200;Charlie;Penelope;SQUID_INK;SEASHELLS;1997;4
60400;Caesar;Camilla;CROISSANTS;SEASHELLS;4294;9
60400;Camilla;Pablo;RAINFOREST_RESIN;SEASHELLS;9997;2
60400;Caesar;Paris;SQUID_INK;SEASHELLS;1998;1
60500;Camilla;Caesar;VOLCANIC_ROCK_VOUCHER_10000;SEASHELLS;35;10
60500;Camilla;Caesar;VOLCANIC_ROCK_VOUCHER_10250;SEASHELLS;3;10
60500;Camilla;Caesar;VOLCANIC_ROCK_VOUCHER_9500;SEASHELLS;433;10
60500;Camilla;Caesar;VOLCANIC_ROCK_VOUCHER_9750;SEASHELLS;194;10
60800;Charlie;Penelope;RAINFOREST_RESIN;SEASHELLS;9992;6
61000;Caesar;Camilla;CROISSANTS;SEASHELLS;4294;8
61000;Paris;Caesar;CROISSANTS;SEASHELLS;4295;7
61100;Charlie;Paris;KELP;SEASHELLS;2035;1
61100;Charlie;Paris;KELP;SEASHELLS;2035;2
61100;Charlie;Paris;SQUID_INK;SEASHELLS;2001;1
61100;Charlie;Paris;SQUID_INK;SEASHELLS;2001;2
61400;Paris;Pablo;KELP;SEASHELLS;2035;1
61400;Camilla;Pablo;KELP;SEASHELLS;2035;3
61400;Paris;Pablo;SQUID_INK;SEASHELLS;2003;1
61400;Camilla;Pablo;SQUID_INK;SEASHELLS;2003;3
61500;Caesar;Paris;DJEMBES;SEASHELLS;13359;2
61500;Charlie;Paris;KELP;SEASHELLS;2035;2
61500;Charlie;Paris;SQUID_INK;SEASHELLS;2003;2
61600;Caesar;Camilla;JAMS;SEASHELLS;6458;9
61600;Charlie;Paris;RAINFOREST_RESIN;SEASHELLS;9999;1
61600;Camilla;Caesar;VOLCANIC_ROCK_VOUCHER_10000;SEASHELLS;36;17
61600;Camilla;Caesar;VOLCANIC_ROCK_VOUCHER_10250;SEASHELLS;3;17
61600;Camilla;Caesar;VOLCANIC_ROCK_VOUCHER_9500;SEASHELLS;442;17
61600;Camilla;Caesar;VOLCANIC_ROCK_VOUCHER_9750;SEASHELLS;203;17
61700;Penelope;Charlie;RAINFOREST_RESIN;SEASHELLS;10008;7
61800;Charlie;Pablo;KELP;SEASHELLS;2036;5
61800;Charlie;Pablo;SQUID_INK;SEASHELLS;2003;5
61800;Camilla;Caesar;VOLCANIC_ROCK_VOUCHER_10000;SEASHELLS;40;13
61800;Camilla;Caesar;VOLCANIC_ROCK_VOUCHER_10250;SEASHELLS;3;13
61800;Camilla;Caesar;VOLCANIC_ROCK_VOUCHER_9500;SEASHELLS;442;13
61800;Camilla;Caesar;VOLCANIC_ROCK_VOUCHER_9750;SEASHELLS;202;13
62000;Gary;Charlie;KELP;SEASHELLS;2038;8
62000;Gary;Caesar;SQUID_INK;SEASHELLS;2010;1
62100;Paris;Caesar;JAMS;SEASHELLS;6459;7
62100;Charlie;Paris;KELP;SEASHELLS;2035;1
62100;Charlie;Paris;SQUID_INK;SEASHELLS;2007;1
62100;Caesar;Caesar;VOLCANIC_ROCK;SEASHELLS;9943;6
62300;Caesar;Paris;JAMS;SEASHELLS;6457;10
62400;Paris;Caesar;JAMS;SEASHELLS;6458;7
62400;Charlie;Paris;KELP;SEASHELLS;2035;1
62400;Paris;Charlie;RAINFOREST_RESIN;SEASHELLS;10001;1
62400;Charlie;Paris;SQUID_INK;SEASHELLS;2004;1
62500;Caesar;Camilla;JAMS;SEASHELLS;6457;5
62500;Paris;Charlie;RAINFOREST_RESIN;SEASHELLS;10001;1
62600;Caesar;Paris;CROISSANTS;SEASHELLS;4293;8
62900;Caesar;Paris;DJEMBES;SEASHELLS;13361;1
62900;Caesar;Camilla;JAMS;SEASHELLS;6457;11
63000;Caesar;Paris;DJEMBES;SEASHELLS;13361;4
63000;Paris;Camilla;KELP;SEASHELLS;2037;1
63000;Paris;Camilla;SQUID_INK;SEASHELLS;2004;1
63100;Paris;Charlie;KELP;SEASHELLS;2037;1
63100;Paris;Charlie;SQUID_INK;SEASHELLS;2005;1
63200;Caesar;Paris;DJEMBES;SEASHELLS;13363;5
63300;Caesar;Paris;DJEMBES;SEASHELLS;13364;3
63500;Charlie;Paris;RAINFOREST_RESIN;SEASHELLS;9992;1
63500;Charlie;Paris;RAINFOREST_RESIN;SEASHELLS;9999;1
63500;Penelope;Camilla;VOLCANIC_ROCK_VOUCHER_9500;SEASHELLS;436;11
63500;Penelope;Camilla;VOLCANIC_ROCK_VOUCHER_9750;SEASHELLS;197;11
63600;Charlie;Paris;RAINFOREST_RESIN;SEASHELLS;9999;1
63700;Caesar;Paris;DJEMBES;SEASHELLS;13362;3
63800;Gina;Charlie;KELP;SEASHELLS;2037;8
63800;Gina;Charlie;SQUID_INK;SEASHELLS;2013;8
63800;Penelope;Camilla;VOLCANIC_ROCK_VOUCHER_9500;SEASHELLS;436;17
63800;Penelope;Camilla;VOLCANIC_ROCK_VOUCHER_9750;SEASHELLS;197;17
63900;Charlie;Paris;RAINFOREST_RESIN;SEASHELLS;9992;2
64100;Caesar;Paris;JAMS;SEASHELLS;6457;8
64200;Charlie;Paris;KELP;SEASHELLS;2034;1
64200;Charlie;Caesar;KELP;SEASHELLS;2035;6
64200;Charlie;Paris;SQUID_INK;SEASHELLS;2017;1
64300;Paris;Caesar;DJEMBES;SEASHELLS;13363;4
64400;Caesar;Paris;DJEMBES;SEASHELLS;13361;2
64400;Caesar;Gary;KELP;SEASHELLS;2035;2
64400;Charlie;Gary;KELP;SEASHELLS;2035;13
64400;Charlie;Gary;SQUID_INK;SEASHELLS;2018;15
64500;Camilla;Paris;KELP;SEASHELLS;2035;1
64500;Pablo;Caesar;RAINFOREST_RESIN;SEASHELLS;10002;4
64500;Camilla;Paris;SQUID_INK;SEASHELLS;2020;1
64600;Caesar;Camilla;JAMS;SEASHELLS;6458;8
64700;Paris;Caesar;DJEMBES;SEASHELLS;13364;3
64800;Caesar;Paris;DJEMBES;SEASHELLS;13363;4
64800;Caesar;Paris;JAMS;SEASHELLS;6457;5
64800;Paris;Charlie;MAGNIFICENT_MACARONS;SEASHELLS;736;4
65100;Charlie;Paris;KELP;SEASHELLS;2035;1
65100;Charlie;Paris;SQUID_INK;SEASHELLS;2021;1
65200;Caesar;Paris;CROISSANTS;SEASHELLS;4295;5
65300;Paris;Charlie;KELP;SEASHELLS;2037;1
65400;Paris;Charlie;MAGNIFICENT_MACARONS;SEASHELLS;741;7
65600;Caesar;Pablo;PICNIC_BASKET1;SEASHELLS;58333;4
65600;Caesar;Pablo;PICNIC_BASKET2;SEASHELLS;30174;4
65700;Penelope;Camilla;VOLCANIC_ROCK_VOUCHER_9500;SEASHELLS;447;14
65700;Penelope;Caesar;VOLCANIC_ROCK_VOUCHER_9500;SEASHELLS;447;2
65700;Penelope;Camilla;VOLCANIC_ROCK_VOUCHER_9750;SEASHELLS;208;14
65700;Penelope;Caesar;VOLCANIC_ROCK_VOUCHER_9750;SEASHELLS;208;2
65800;Camilla;Paris;KELP;SEASHELLS;2035;1
65800;Camilla;Paris;SQUID_INK;SEASHELLS;2013;1
66000;Paris;Caesar;CROISSANTS;SEASHELLS;4294;8
66000;Paris;Charlie;RAINFOREST_RESIN;SEASHELLS;10008;1
66100;Paris;Caesar;CROISSANTS;SEASHELLS;4294;7
66100;Paris;Charlie;RAINFOREST_RESIN;SEASHELLS;10001;1
66200;Camilla;Gary;KELP;SEASHELLS;2035;4
66200;Charlie;Gary;KELP;SEASHELLS;2035;5
66200;Camilla;Gary;SQUID_INK;SEASHELLS;2018;4
66200;Charlie;Gary;SQUID_INK;SEASHELLS;2018;5
66600;Caesar;Paris;DJEMBES;SEASHELLS;13366;4
66700;Paris;Caesar;CROISSANTS;SEASHELLS;4294;7
66700;Charlie;Pablo;RAINFOREST_RESIN;SEASHELLS;9998;3
66800;Camilla;Pablo;KELP;SEASHELLS;2036;5
66800;Charlie;Paris;RAINFOREST_RESIN;SEASHELLS;9999;1
66800;Camilla;Pablo;SQUID_INK;SEASHELLS;2018;5
66900;Caesar;Pablo;PICNIC_BASKET1;SEASHELLS;58295;1
66900;Camilla;Pablo;PICNIC_BASKET1;SEASHELLS;58294;6
66900;Caesar;Pablo;PICNIC_BASKET2;SEASHELLS;30158;1
66900;Charlie;Pablo;PICNIC_BASKET2;SEASHELLS;30157;6
66900;Pablo;Caesar;RAINFOREST_RESIN;SEASHELLS;10002;4
67000;Paris;Caesar;CROISSANTS;SEASHELLS;4292;7
67000;Charlie;Gary;KELP;SEASHELLS;2036;11
67000;Charlie;Gary;SQUID_INK;SEASHELLS;2017;11
67100;Caesar;Camilla;CROISSANTS;SEASHELLS;4291;8
67100;Charlie;Penelope;RAINFOREST_RESIN;SEASHELLS;9992;7
67300;Camilla;Gina;KELP;SEASHELLS;2036;5
67300;Charlie;Gina;KELP;SEASHELLS;2036;2
67300;Camilla;Gina;SQUID_INK;SEASHELLS;2023;5
67300;Charlie;Gina;SQUID_INK;SEASHELLS;2023;2
67400;Paris;Camilla;KELP;SEASHELLS;2038;1
67400;Paris;Camilla;SQUID_INK;SEASHELLS;2034;1
67500;Paris;Charlie;KELP;SEASHELLS;2039;2
67500;Paris;Charlie;SQUID_INK;SEASHELLS;2037;2
67500;Camilla;Penelope;VOLCANIC_ROCK_VOUCHER_9500;SEASHELLS;453;14
67500;Camilla;Penelope;VOLCANIC_ROCK_VOUCHER_9750;SEASHELLS;213;14
67600;Caesar;Paris;DJEMBES;SEASHELLS;13368;4
67900;Paris;Charlie;KELP;SEASHELLS;2038;1
67900;Paris;Charlie;SQUID_INK;SEASHELLS;2035;1
68000;Caesar;Paris;KELP;SEASHELLS;2037;2
68000;Caesar;Pablo;PICNIC_BASKET1;SEASHELLS;58292;2
68000;Camilla;Pablo;PICNIC_BASKET1;SEASHELLS;58291;2
68000;Camilla;Pablo;PICNIC_BASKET2;SEASHELLS;30150;4
68000;Caesar;Paris;SQUID_INK;SEASHELLS;2034;2
68100;Caesar;Paris;CROISSANTS;SEASHELLS;4291;7
68200;Caesar;Paris;CROISSANTS;SEASHELLS;4291;8
68600;Camilla;Penelope;VOLCANIC_ROCK_VOUCHER_9500;SEASHELLS;461;13
68600;Caesar;Penelope;VOLCANIC_ROCK_VOUCHER_9500;SEASHELLS;461;2
68600;Camilla;Penelope;VOLCANIC_ROCK_VOUCHER_9750;SEASHELLS;218;13
68600;Caesar;Penelope;VOLCANIC_ROCK_VOUCHER_9750;SEASHELLS;218;2
68700;Camilla;Paris;JAMS;SEASHELLS;6458;4
68900;Penelope;Camilla;VOLCANIC_ROCK_VOUCHER_10000;SEASHELLS;48;11
68900;Penelope;Caesar;VOLCANIC_ROCK_VOUCHER_10000;SEASHELLS;48;1
68900;Penelope;Camilla;VOLCANIC_ROCK_VOUCHER_9500;SEASHELLS;461;11
68900;Penelope;Caesar;VOLCANIC_ROCK_VOUCHER_9500;SEASHELLS;461;1
68900;Penelope;Camilla;VOLCANIC_ROCK_VOUCHER_9750;SEASHELLS;220;11
68900;Penelope;Caesar;VOLCANIC_ROCK_VOUCHER_9750;SEASHELLS;220;1
69100;Paris;Caesar;CROISSANTS;SEASHELLS;4295;8
69200;Paris;Charlie;KELP;SEASHELLS;2038;1
69200;Paris;Charlie;SQUID_INK;SEASHELLS;2023;1
69300;Charlie;Paris;RAINFOREST_RESIN;SEASHELLS;9992;2
69400;Paris;Charlie;KELP;SEASHELLS;2038;1
69600;Caesar;Paris;DJEMBES;SEASHELLS;13366;4
69600;Pablo;Caesar;VOLCANIC_ROCK;SEASHELLS;9959;3
69800;Charlie;Paris;KELP;SEASHELLS;2036;1
69800;Charlie;Paris;SQUID_INK;SEASHELLS;2012;1
69800;Camilla;Caesar;VOLCANIC_ROCK_VOUCHER_10000;SEASHELLS;45;18
69800;Camilla;Caesar;VOLCANIC_ROCK_VOUCHER_10250;SEASHELLS;4;18
69800;Camilla;Caesar;VOLCANIC_ROCK_VOUCHER_9500;SEASHELLS;459;18
69800;Camilla;Caesar;VOLCANIC_ROCK_VOUCHER_9750;SEASHELLS;217;18
70000;Caesar;Camilla;JAMS;SEASHELLS;6459;6
70200;Paris;Caesar;DJEMBES;SEASHELLS;13368;3
70200;Caesar;Caesar;VOLCANIC_ROCK;SEASHELLS;9959;9
70500;Paris;Paris;RAINFOREST_RESIN;SEASHELLS;9999;1
70800;Charlie;Paris;KELP;SEASHELLS;2037;1
70800;Pablo;Charlie;RAINFOREST_RESIN;SEASHELLS;10008;6
70800;Charlie;Paris;SQUID_INK;SEASHELLS;2010;1
71000;Caesar;Camilla;JAMS;SEASHELLS;6457;11
71000;Charlie;Paris;RAINFOREST_RESIN;SEASHELLS;9992;2
71100;Paris;Caesar;CROISSANTS;SEASHELLS;4291;7
71100;Camilla;Caesar;VOLCANIC_ROCK_VOUCHER_10000;SEASHELLS;41;10
71100;Caesar;Caesar;VOLCANIC_ROCK_VOUCHER_10000;SEASHELLS;41;1
71100;Camilla;Caesar;VOLCANIC_ROCK_VOUCHER_10250;SEASHELLS;3;10
71100;Caesar;Caesar;VOLCANIC_ROCK_VOUCHER_10250;SEASHELLS;3;1
71100;Camilla;Caesar;VOLCANIC_ROCK_VOUCHER_9500;SEASHELLS;448;10
71100;Caesar;Caesar;VOLCANIC_ROCK_VOUCHER_9500;SEASHELLS;448;1
71100;Camilla;Caesar;VOLCANIC_ROCK_VOUCHER_9750;SEASHELLS;205;10
71100;Caesar;Caesar;VOLCANIC_ROCK_VOUCHER_9750;SEASHELLS;205;1
71300;Charlie;Paris;KELP;SEASHELLS;2037;1
71300;Charlie;Paris;SQUID_INK;SEASHELLS;2009;1
71500;Paris;Caesar;DJEMBES;SEASHELLS;13367;3
71600;Penelope;Camilla;VOLCANIC_ROCK_VOUCHER_10000;SEASHELLS;45;16
71600;Penelope;Camilla;VOLCANIC_ROCK_VOUCHER_9500;SEASHELLS;456;16
71600;Penelope;Camilla;VOLCANIC_ROCK_VOUCHER_9750;SEASHELLS;215;16
71800;Paris;Gary;KELP;SEASHELLS;2038;1
71800;Paris;Gary;SQUID_INK;SEASHELLS;2014;1
71800;Caesar;Pablo;VOLCANIC_ROCK;SEASHELLS;9952;2
71900;Caesar;Camilla;CROISSANTS;SEASHELLS;4290;8
71900;Caesar;Camilla;JAMS;SEASHELLS;6458;6
72000;Paris;Charlie;RAINFOREST_RESIN;SEASHELLS;10008;2
72300;Caesar;Paris;CROISSANTS;SEASHELLS;4290;8
72300;Camilla;Penelope;VOLCANIC_ROCK_VOUCHER_9500;SEASHELLS;451;10
72300;Camilla;Penelope;VOLCANIC_ROCK_VOUCHER_9750;SEASHELLS;213;10
72400;Paris;Caesar;CROISSANTS;SEASHELLS;4291;8
72400;Charlie;Pablo;RAINFOREST_RESIN;SEASHELLS;9992;4
72500;Camilla;Caesar;VOLCANIC_ROCK_VOUCHER_10000;SEASHELLS;40;10
72500;Camilla;Caesar;VOLCANIC_ROCK_VOUCHER_10250;SEASHELLS;3;10
72500;Camilla;Caesar;VOLCANIC_ROCK_VOUCHER_9500;SEASHELLS;448;10
72500;Camilla;Caesar;VOLCANIC_ROCK_VOUCHER_9750;SEASHELLS;206;10
72600;Charlie;Paris;KELP;SEASHELLS;2037;1
72600;Caesar;Paris;SQUID_INK;SEASHELLS;2011;1
72700;Gina;Paris;KELP;SEASHELLS;2037;1
72700;Gina;Paris;SQUID_INK;SEASHELLS;2012;1
72700;Camilla;Caesar;VOLCANIC_ROCK_VOUCHER_10000;SEASHELLS;42;17
72700;Camilla;Caesar;VOLCANIC_ROCK_VOUCHER_10250;SEASHELLS;3;17
72700;Camilla;Caesar;VOLCANIC_ROCK_VOUCHER_9500;SEASHELLS;450;17
72700;Camilla;Caesar;VOLCANIC_ROCK_VOUCHER_9750;SEASHELLS;209;17
72800;Paris;Caesar;DJEMBES;SEASHELLS;13366;4
72800;Caesar;Paris;JAMS;SEASHELLS;6459;6
73000;Paris;Pablo;KELP;SEASHELLS;2037;1
73000;Caesar;Pablo;KELP;SEASHELLS;2037;4
73000;Paris;Caesar;RAINFOREST_RESIN;SEASHELLS;10001;1
73000;Paris;Pablo;SQUID_INK;SEASHELLS;2014;1
73000;Caesar;Pablo;SQUID_INK;SEASHELLS;2014;4
73100;Charlie;Paris;RAINFOREST_RESIN;SEASHELLS;9992;2
73200;Paris;Caesar;JAMS;SEASHELLS;6461;7
73200;Peter;Caesar;VOLCANIC_ROCK;SEASHELLS;9951;10
73300;Caesar;Paris;JAMS;SEASHELLS;6460;10
73300;Charlie;Paris;RAINFOREST_RESIN;SEASHELLS;9999;1
73400;Paris;Caesar;DJEMBES;SEASHELLS;13364;1
73500;Camilla;Caesar;VOLCANIC_ROCK_VOUCHER_10000;SEASHELLS;45;15
73500;Caesar;Caesar;VOLCANIC_ROCK_VOUCHER_10000;SEASHELLS;45;1
73500;Camilla;Caesar;VOLCANIC_ROCK_VOUCHER_10250;SEASHELLS;3;15
73500;Caesar;Caesar;VOLCANIC_ROCK_VOUCHER_10250;SEASHELLS;3;1
73500;Camilla;Caesar;VOLCANIC_ROCK_VOUCHER_9500;SEASHELLS;449;15
73500;Caesar;Caesar;VOLCANIC_ROCK_VOUCHER_9500;SEASHELLS;449;1
73500;Camilla;Caesar;VOLCANIC_ROCK_VOUCHER_9750;SEASHELLS;207;15
73500;Caesar;Caesar;VOLCANIC_ROCK_VOUCHER_9750;SEASHELLS;207;1
73600;Charlie;Paris;SQUID_INK;SEASHELLS;2014;1
73800;Caesar;Paris;DJEMBES;SEASHELLS;13362;4
73800;Charlie;Paris;KELP;SEASHELLS;2037;1
73800;Charlie;Paris;SQUID_INK;SEASHELLS;2016;1
74100;Paris;Caesar;CROISSANTS;SEASHELLS;4291;5
74100;Caesar;Paris;KELP;SEASHELLS;2037;1
74100;Caesar;Paris;SQUID_INK;SEASHELLS;2018;1
74200;Charlie;Paris;KELP;SEASHELLS;2036;1
74200;Paris;Charlie;MAGNIFICENT_MACARONS;SEASHELLS;735;5
74200;Charlie;Paris;SQUID_INK;SEASHELLS;2018;1
74300;Paris;Charlie;KELP;SEASHELLS;2040;1
74300;Pablo;Caesar;PICNIC_BASKET1;SEASHELLS;58333;1
74300;Pablo;Camilla;PICNIC_BASKET1;SEASHELLS;58333;7
74300;Paris;Charlie;SQUID_INK;SEASHELLS;2022;1
74300;Paris;Charlie;SQUID_INK;SEASHELLS;2021;1
74400;Caesar;Camilla;JAMS;SEASHELLS;6461;8
74600;Charlie;Pablo;RAINFOREST_RESIN;SEASHELLS;9992;5
74600;Camilla;Caesar;VOLCANIC_ROCK_VOUCHER_10000;SEASHELLS;39;10
74600;Caesar;Caesar;VOLCANIC_ROCK_VOUCHER_10000;SEASHELLS;39;1
74600;Camilla;Caesar;VOLCANIC_ROCK_VOUCHER_10250;SEASHELLS;3;10
74600;Caesar;Caesar;VOLCANIC_ROCK_VOUCHER_10250;SEASHELLS;3;1
74600;Camilla;Caesar;VOLCANIC_ROCK_VOUCHER_9500;SEASHELLS;449;10
74600;Caesar;Caesar;VOLCANIC_ROCK_VOUCHER_9500;SEASHELLS;449;1
74600;Camilla;Caesar;VOLCANIC_ROCK_VOUCHER_9750;SEASHELLS;208;10
74600;Caesar;Caesar;VOLCANIC_ROCK_VOUCHER_9750;SEASHELLS;208;1
74700;Camilla;Paris;RAINFOREST_RESIN;SEASHELLS;9997;1
74700;Caesar;Peter;VOLCANIC_ROCK;SEASHELLS;9947;6
74800;Camilla;Pablo;PICNIC_BASKET1;SEASHELLS;58329;8
74800;Charlie;Pablo;PICNIC_BASKET2;SEASHELLS;30134;8
74900;Paris;Caesar;JAMS;SEASHELLS;6461;9
74900;Caesar;Caesar;VOLCANIC_ROCK;SEASHELLS;9942;10
75100;Charlie;Paris;KELP;SEASHELLS;2036;1
75100;Charlie;Paris;SQUID_INK;SEASHELLS;2019;1
75200;Paris;Caesar;JAMS;SEASHELLS;6462;8
75200;Charlie;Gary;KELP;SEASHELLS;2036;14
75200;Charlie;Paris;RAINFOREST_RESIN;SEASHELLS;9992;2
75200;Charlie;Gary;SQUID_INK;SEASHELLS;2019;14
75700;Caesar;Camilla;JAMS;SEASHELLS;6460;11
75900;Charlie;Pablo;RAINFOREST_RESIN;SEASHELLS;9992;4
76100;Paris;Caesar;DJEMBES;SEASHELLS;13366;1
76100;Charlie;Paris;KELP;SEASHELLS;2037;1
76100;Caesar;Paris;SQUID_INK;SEASHELLS;2018;1
76200;Paris;Caesar;CROISSANTS;SEASHELLS;4290;5
76200;Pablo;Caesar;VOLCANIC_ROCK;SEASHELLS;9937;2
76700;Caesar;Paris;CROISSANTS;SEASHELLS;4290;5
76700;Caesar;Paris;DJEMBES;SEASHELLS;13364;3
76700;Caesar;Paris;KELP;SEASHELLS;2037;1
76700;Paris;Charlie;KELP;SEASHELLS;2040;1
76700;Paris;Charlie;RAINFOREST_RESIN;SEASHELLS;10008;1
76700;Caesar;Paris;SQUID_INK;SEASHELLS;2013;1
76700;Paris;Charlie;SQUID_INK;SEASHELLS;2016;1
76800;Caesar;Paris;CROISSANTS;SEASHELLS;4290;6
76800;Camilla;Paris;KELP;SEASHELLS;2037;1
76800;Camilla;Paris;SQUID_INK;SEASHELLS;2013;1
77000;Paris;Camilla;KELP;SEASHELLS;2039;1
77000;Charlie;Penelope;KELP;SEASHELLS;2037;11
77000;Paris;Camilla;SQUID_INK;SEASHELLS;2014;1
77000;Charlie;Penelope;SQUID_INK;SEASHELLS;2012;11
77100;Paris;Caesar;CROISSANTS;SEASHELLS;4291;6
77100;Caesar;Paris;DJEMBES;SEASHELLS;13365;5
77500;Caesar;Paris;CROISSANTS;SEASHELLS;4291;8
77500;Paris;Caesar;JAMS;SEASHELLS;6462;6
77500;Charlie;Pablo;KELP;SEASHELLS;2037;5
77500;Charlie;Pablo;SQUID_INK;SEASHELLS;2010;5
77700;Camilla;Pablo;PICNIC_BASKET1;SEASHELLS;58322;2
77700;Caesar;Pablo;PICNIC_BASKET2;SEASHELLS;30124;2
77700;Camilla;Caesar;VOLCANIC_ROCK_VOUCHER_10000;SEASHELLS;41;15
77700;Camilla;Caesar;VOLCANIC_ROCK_VOUCHER_10250;SEASHELLS;3;15
77700;Camilla;Caesar;VOLCANIC_ROCK_VOUCHER_9500;SEASHELLS;443;15
77700;Camilla;Caesar;VOLCANIC_ROCK_VOUCHER_9750;SEASHELLS;203;15
77800;Paris;Charlie;MAGNIFICENT_MACARONS;SEASHELLS;712;7
77900;Camilla;Caesar;VOLCANIC_ROCK_VOUCHER_10000;SEASHELLS;42;15
77900;Camilla;Caesar;VOLCANIC_ROCK_VOUCHER_10250;SEASHELLS;3;15
77900;Camilla;Caesar;VOLCANIC_ROCK_VOUCHER_9500;SEASHELLS;440;15
77900;Camilla;Caesar;VOLCANIC_ROCK_VOUCHER_9750;SEASHELLS;202;15
78200;Paris;Charlie;RAINFOREST_RESIN;SEASHELLS;10001;1
78400;Caesar;Paris;DJEMBES;SEASHELLS;13365;3
78800;Charlie;Paris;KELP;SEASHELLS;2037;1
78800;Caesar;Paris;SQUID_INK;SEASHELLS;2009;1
79000;Charlie;Paris;KELP;SEASHELLS;2037;1
79000;Charlie;Paris;SQUID_INK;SEASHELLS;2013;1
79000;Camilla;Caesar;VOLCANIC_ROCK_VOUCHER_10000;SEASHELLS;37;15
79000;Camilla;Caesar;VOLCANIC_ROCK_VOUCHER_10250;SEASHELLS;3;15
79000;Camilla;Caesar;VOLCANIC_ROCK_VOUCHER_9500;SEASHELLS;430;15
79000;Camilla;Caesar;VOLCANIC_ROCK_VOUCHER_9750;SEASHELLS;190;15
79100;Caesar;Paris;CROISSANTS;SEASHELLS;4289;6
79100;Charlie;Paris;KELP;SEASHELLS;2037;1
79100;Caesar;Paris;SQUID_INK;SEASHELLS;2012;1
79200;Charlie;Paris;KELP;SEASHELLS;2037;1
79200;Charlie;Paris;SQUID_INK;SEASHELLS;2010;1
79400;Penelope;Pablo;RAINFOREST_RESIN;SEASHELLS;9998;4
79600;Caesar;Pablo;PICNIC_BASKET1;SEASHELLS;58334;2
79600;Camilla;Pablo;PICNIC_BASKET1;SEASHELLS;58333;2
79600;Caesar;Pablo;PICNIC_BASKET2;SEASHELLS;30121;2
79600;Charlie;Pablo;PICNIC_BASKET2;SEASHELLS;30120;2
79700;Charlie;Pablo;RAINFOREST_RESIN;SEASHELLS;9992;6
79800;Caesar;Camilla;CROISSANTS;SEASHELLS;4289;10
79800;Caesar;Paris;KELP;SEASHELLS;2037;1
79800;Charlie;Paris;SQUID_INK;SEASHELLS;2009;1
79900;Paris;Caesar;DJEMBES;SEASHELLS;13368;1
79900;Charlie;Gary;KELP;SEASHELLS;2037;15
79900;Charlie;Gary;SQUID_INK;SEASHELLS;2009;15
80000;Caesar;Paris;MAGNIFICENT_MACARONS;SEASHELLS;700;7
80200;Camilla;Penelope;KELP;SEASHELLS;2037;7
80200;Charlie;Penelope;KELP;SEASHELLS;2037;4
80200;Camilla;Penelope;SQUID_INK;SEASHELLS;2004;7
80200;Charlie;Penelope;SQUID_INK;SEASHELLS;2004;4
80300;Camilla;Caesar;PICNIC_BASKET2;SEASHELLS;30116;2
80300;Charlie;Penelope;RAINFOREST_RESIN;SEASHELLS;9992;4
80400;Charlie;Penelope;RAINFOREST_RESIN;SEASHELLS;9992;6
80500;Charlie;Pablo;RAINFOREST_RESIN;SEASHELLS;9998;3
80600;Caesar;Paris;JAMS;SEASHELLS;6457;9
80600;Paris;Charlie;MAGNIFICENT_MACARONS;SEASHELLS;714;6
80900;Charlie;Penelope;RAINFOREST_RESIN;SEASHELLS;9992;5
80900;Camilla;Penelope;VOLCANIC_ROCK_VOUCHER_9500;SEASHELLS;427;10
80900;Camilla;Penelope;VOLCANIC_ROCK_VOUCHER_9750;SEASHELLS;186;10
81100;Charlie;Paris;RAINFOREST_RESIN;SEASHELLS;9999;1
81100;Camilla;Penelope;VOLCANIC_ROCK_VOUCHER_10000;SEASHELLS;37;10
81100;Camilla;Penelope;VOLCANIC_ROCK_VOUCHER_9500;SEASHELLS;427;10
81100;Camilla;Penelope;VOLCANIC_ROCK_VOUCHER_9750;SEASHELLS;187;10
81500;Charlie;Paris;RAINFOREST_RESIN;SEASHELLS;9999;1
81700;Paris;Charlie;RAINFOREST_RESIN;SEASHELLS;10001;1
81800;Caesar;Paris;JAMS;SEASHELLS;6453;7
81800;Charlie;Paris;SQUID_INK;SEASHELLS;2004;1
82100;Paris;Pablo;KELP;SEASHELLS;2037;1
82100;Camilla;Pablo;KELP;SEASHELLS;2037;4
82100;Paris;Pablo;SQUID_INK;SEASHELLS;2009;1
82100;Camilla;Pablo;SQUID_INK;SEASHELLS;2009;4
82200;Paris;Caesar;KELP;SEASHELLS;2039;1
82200;Paris;Charlie;SQUID_INK;SEASHELLS;2011;2
82200;Caesar;Caesar;VOLCANIC_ROCK;SEASHELLS;9916;10
82300;Camilla;Caesar;VOLCANIC_ROCK_VOUCHER_10000;SEASHELLS;32;12
82300;Caesar;Caesar;VOLCANIC_ROCK_VOUCHER_10000;SEASHELLS;32;1
82300;Camilla;Caesar;VOLCANIC_ROCK_VOUCHER_10250;SEASHELLS;2;12
82300;Caesar;Caesar;VOLCANIC_ROCK_VOUCHER_10250;SEASHELLS;2;1
82300;Camilla;Caesar;VOLCANIC_ROCK_VOUCHER_9500;SEASHELLS;422;12
82300;Caesar;Caesar;VOLCANIC_ROCK_VOUCHER_9500;SEASHELLS;422;1
82300;Camilla;Caesar;VOLCANIC_ROCK_VOUCHER_9750;SEASHELLS;183;12
82300;Caesar;Caesar;VOLCANIC_ROCK_VOUCHER_9750;SEASHELLS;183;1
82500;Caesar;Camilla;CROISSANTS;SEASHELLS;4291;6
82500;Paris;Caesar;DJEMBES;SEASHELLS;13368;2
82500;Paris;Charlie;KELP;SEASHELLS;2038;1
82500;Paris;Charlie;RAINFOREST_RESIN;SEASHELLS;10008;1
82500;Paris;Charlie;SQUID_INK;SEASHELLS;2008;1
82600;Caesar;Paris;DJEMBES;SEASHELLS;13366;4
82800;Caesar;Paris;JAMS;SEASHELLS;6452;6
83000;Charlie;Paris;RAINFOREST_RESIN;SEASHELLS;9992;1
83200;Caesar;Paris;CROISSANTS;SEASHELLS;4291;6
83200;Caesar;Paris;DJEMBES;SEASHELLS;13365;2
83200;Caesar;Paris;JAMS;SEASHELLS;6455;10
83200;Camilla;Paris;KELP;SEASHELLS;2036;1
83200;Camilla;Paris;SQUID_INK;SEASHELLS;2008;1
83300;Camilla;Caesar;VOLCANIC_ROCK_VOUCHER_10000;SEASHELLS;29;10
83300;Camilla;Caesar;VOLCANIC_ROCK_VOUCHER_10250;SEASHELLS;2;10
83300;Camilla;Caesar;VOLCANIC_ROCK_VOUCHER_9500;SEASHELLS;419;10
83300;Camilla;Caesar;VOLCANIC_ROCK_VOUCHER_9750;SEASHELLS;183;10
83400;Caesar;Paris;CROISSANTS;SEASHELLS;4291;8
83400;Camilla;Caesar;VOLCANIC_ROCK_VOUCHER_10000;SEASHELLS;33;13
83400;Caesar;Caesar;VOLCANIC_ROCK_VOUCHER_10000;SEASHELLS;33;1
83400;Camilla;Caesar;VOLCANIC_ROCK_VOUCHER_10250;SEASHELLS;2;13
83400;Caesar;Caesar;VOLCANIC_ROCK_VOUCHER_10250;SEASHELLS;2;1
83400;Camilla;Caesar;VOLCANIC_ROCK_VOUCHER_9500;SEASHELLS;418;13
83400;Caesar;Caesar;VOLCANIC_ROCK_VOUCHER_9500;SEASHELLS;418;1
83400;Camilla;Caesar;VOLCANIC_ROCK_VOUCHER_9750;SEASHELLS;182;13
83400;Caesar;Caesar;VOLCANIC_ROCK_VOUCHER_9750;SEASHELLS;182;1
83600;Camilla;Caesar;VOLCANIC_ROCK_VOUCHER_10000;SEASHELLS;32;14
83600;Caesar;Caesar;VOLCANIC_ROCK_VOUCHER_10000;SEASHELLS;32;1
83600;Camilla;Caesar;VOLCANIC_ROCK_VOUCHER_10250;SEASHELLS;2;14
83600;Caesar;Caesar;VOLCANIC_ROCK_VOUCHER_10250;SEASHELLS;2;1
83600;Camilla;Caesar;VOLCANIC_ROCK_VOUCHER_9500;SEASHELLS;418;14
83600;Caesar;Caesar;VOLCANIC_ROCK_VOUCHER_9500;SEASHELLS;418;1
83600;Camilla;Caesar;VOLCANIC_ROCK_VOUCHER_9750;SEASHELLS;182;14
83600;Caesar;Caesar;VOLCANIC_ROCK_VOUCHER_9750;SEASHELLS;182;1
83700;Caesar;Paris;DJEMBES;SEASHELLS;13365;2
84000;Gary;Charlie;KELP;SEASHELLS;2039;10
84000;Gary;Charlie;SQUID_INK;SEASHELLS;2013;10
84100;Caesar;Paris;DJEMBES;SEASHELLS;13364;4
84100;Paris;Charlie;KELP;SEASHELLS;2038;1
84100;Pablo;Charlie;RAINFOREST_RESIN;SEASHELLS;10008;6
84100;Paris;Charlie;SQUID_INK;SEASHELLS;2013;1
84500;Caesar;Paris;JAMS;SEASHELLS;6454;4
84500;Camilla;Caesar;PICNIC_BASKET2;SEASHELLS;30112;2
84600;Paris;Caesar;DJEMBES;SEASHELLS;13367;2
84600;Penelope;Camilla;RAINFOREST_RESIN;SEASHELLS;10003;6
84600;Paris;Charlie;RAINFOREST_RESIN;SEASHELLS;10008;2
84600;Penelope;Charlie;RAINFOREST_RESIN;SEASHELLS;10003;1
84800;Paris;Caesar;JAMS;SEASHELLS;6456;9
84800;Penelope;Charlie;KELP;SEASHELLS;2040;15
84800;Penelope;Charlie;SQUID_INK;SEASHELLS;2017;15
85000;Camilla;Caesar;VOLCANIC_ROCK_VOUCHER_10000;SEASHELLS;34;17
85000;Camilla;Caesar;VOLCANIC_ROCK_VOUCHER_10250;SEASHELLS;2;17
85000;Camilla;Caesar;VOLCANIC_ROCK_VOUCHER_9500;SEASHELLS;420;17
85000;Camilla;Caesar;VOLCANIC_ROCK_VOUCHER_9750;SEASHELLS;183;17
85100;Caesar;Camilla;CROISSANTS;SEASHELLS;4291;8
85100;Paris;Caesar;JAMS;SEASHELLS;6456;9
85100;Paris;Camilla;KELP;SEASHELLS;2039;1
85100;Charlie;Gary;KELP;SEASHELLS;2036;12
85100;Gary;Charlie;RAINFOREST_RESIN;SEASHELLS;10008;6
85100;Paris;Camilla;SQUID_INK;SEASHELLS;2018;1
85100;Charlie;Gary;SQUID_INK;SEASHELLS;2015;12
85100;Peter;Caesar;VOLCANIC_ROCK;SEASHELLS;9920;10
85200;Charlie;Penelope;RAINFOREST_RESIN;SEASHELLS;9992;8
85400;Paris;Caesar;CROISSANTS;SEASHELLS;4292;7
85700;Penelope;Caesar;PICNIC_BASKET1;SEASHELLS;58298;1
85700;Camilla;Caesar;PICNIC_BASKET2;SEASHELLS;30112;1
85700;Penelope;Caesar;PICNIC_BASKET2;SEASHELLS;30115;2
85900;Camilla;Camilla;MAGNIFICENT_MACARONS;SEASHELLS;721;3
86200;Paris;Caesar;DJEMBES;SEASHELLS;13361;2
86200;Caesar;Caesar;VOLCANIC_ROCK;SEASHELLS;9919;10
86300;Caesar;Paris;KELP;SEASHELLS;2037;1
86300;Caesar;Paris;SQUID_INK;SEASHELLS;2026;1
86500;Paris;Charlie;KELP;SEASHELLS;2039;1
86500;Paris;Charlie;SQUID_INK;SEASHELLS;2027;1
86600;Camilla;Pablo;PICNIC_BASKET1;SEASHELLS;58300;8
86600;Charlie;Pablo;PICNIC_BASKET2;SEASHELLS;30103;8
86600;Charlie;Pablo;RAINFOREST_RESIN;SEASHELLS;9992;4
86800;Paris;Caesar;JAMS;SEASHELLS;6454;10
86800;Caesar;Penelope;KELP;SEASHELLS;2037;2
86800;Charlie;Penelope;KELP;SEASHELLS;2037;9
86800;Penelope;Charlie;RAINFOREST_RESIN;SEASHELLS;10008;7
86800;Charlie;Penelope;SQUID_INK;SEASHELLS;2029;11
86800;Camilla;Pablo;VOLCANIC_ROCK_VOUCHER_10000;SEASHELLS;32;11
86800;Camilla;Pablo;VOLCANIC_ROCK_VOUCHER_10250;SEASHELLS;2;11
86800;Camilla;Pablo;VOLCANIC_ROCK_VOUCHER_10500;SEASHELLS;0;11
86800;Camilla;Pablo;VOLCANIC_ROCK_VOUCHER_9500;SEASHELLS;421;11
86800;Camilla;Pablo;VOLCANIC_ROCK_VOUCHER_9750;SEASHELLS;182;11
86900;Paris;Caesar;JAMS;SEASHELLS;6453;8
86900;Pablo;Charlie;RAINFOREST_RESIN;SEASHELLS;10008;5
86900;Camilla;Penelope;VOLCANIC_ROCK_VOUCHER_10000;SEASHELLS;32;15
86900;Pablo;Penelope;VOLCANIC_ROCK_VOUCHER_10500;SEASHELLS;1;6
86900;Camilla;Penelope;VOLCANIC_ROCK_VOUCHER_9500;SEASHELLS;421;15
86900;Camilla;Penelope;VOLCANIC_ROCK_VOUCHER_9750;SEASHELLS;183;15
87000;Paris;Caesar;DJEMBES;SEASHELLS;13359;4
87200;Paris;Caesar;DJEMBES;SEASHELLS;13359;5
87200;Paris;Caesar;JAMS;SEASHELLS;6453;7
87300;Caesar;Paris;DJEMBES;SEASHELLS;13357;5
87300;Camilla;Camilla;MAGNIFICENT_MACARONS;SEASHELLS;722;5
87400;Charlie;Paris;KELP;SEASHELLS;2036;1
87400;Charlie;Gina;RAINFOREST_RESIN;SEASHELLS;9997;10
87400;Charlie;Paris;SQUID_INK;SEASHELLS;2022;1
87500;Charlie;Penelope;RAINFOREST_RESIN;SEASHELLS;9992;7
87500;Paris;Charlie;RAINFOREST_RESIN;SEASHELLS;10008;2
87700;Caesar;Paris;DJEMBES;SEASHELLS;13357;3
87900;Caesar;Camilla;CROISSANTS;SEASHELLS;4292;4
87900;Charlie;Paris;KELP;SEASHELLS;2036;1
87900;Penelope;Charlie;RAINFOREST_RESIN;SEASHELLS;10008;7
87900;Charlie;Paris;SQUID_INK;SEASHELLS;2025;1
88000;Charlie;Penelope;KELP;SEASHELLS;2036;6
88000;Charlie;Penelope;SQUID_INK;SEASHELLS;2023;6
88100;Paris;Caesar;CROISSANTS;SEASHELLS;4293;6
88100;Paris;Camilla;KELP;SEASHELLS;2037;1
88100;Paris;Camilla;SQUID_INK;SEASHELLS;2024;1
88200;Charlie;Paris;RAINFOREST_RESIN;SEASHELLS;9992;1
88300;Charlie;Paris;KELP;SEASHELLS;2036;2
88300;Charlie;Paris;SQUID_INK;SEASHELLS;2017;2
88500;Caesar;Paris;CROISSANTS;SEASHELLS;4292;6
88700;Charlie;Paris;KELP;SEASHELLS;2036;1
88700;Charlie;Paris;SQUID_INK;SEASHELLS;2021;1
88800;Paris;Caesar;CROISSANTS;SEASHELLS;4293;6
88800;Caesar;Paris;KELP;SEASHELLS;2036;1
88800;Charlie;Paris;SQUID_INK;SEASHELLS;2019;1
89400;Caesar;Paris;DJEMBES;SEASHELLS;13352;2
89400;Pablo;Camilla;KELP;SEASHELLS;2037;1
89400;Pablo;Camilla;SQUID_INK;SEASHELLS;2017;1
89600;Caesar;Paris;JAMS;SEASHELLS;6451;10
89600;Paris;Charlie;KELP;SEASHELLS;2039;2
89600;Charlie;Paris;RAINFOREST_RESIN;SEASHELLS;9992;1
89600;Paris;Charlie;SQUID_INK;SEASHELLS;2018;2
89700;Caesar;Camilla;JAMS;SEASHELLS;6449;5
89900;Paris;Camilla;KELP;SEASHELLS;2037;1
89900;Paris;Camilla;KELP;SEASHELLS;2037;2
89900;Paris;Camilla;SQUID_INK;SEASHELLS;2015;1
89900;Paris;Camilla;SQUID_INK;SEASHELLS;2015;2
90000;Caesar;Paris;JAMS;SEASHELLS;6449;9
90200;Paris;Charlie;KELP;SEASHELLS;2037;1
90200;Paris;Charlie;SQUID_INK;SEASHELLS;2009;1
90300;Caesar;Paris;KELP;SEASHELLS;2035;1
90300;Charlie;Paris;SQUID_INK;SEASHELLS;2006;1
90400;Penelope;Caesar;PICNIC_BASKET1;SEASHELLS;58317;1
90400;Penelope;Caesar;PICNIC_BASKET2;SEASHELLS;30125;1
90500;Paris;Charlie;RAINFOREST_RESIN;SEASHELLS;10008;1
90600;Caesar;Camilla;DJEMBES;SEASHELLS;13352;8
90600;Paris;Charlie;KELP;SEASHELLS;2037;1
90600;Charlie;Pablo;RAINFOREST_RESIN;SEASHELLS;9992;6
90600;Paris;Charlie;SQUID_INK;SEASHELLS;2003;1
90600;Caesar;Caesar;VOLCANIC_ROCK;SEASHELLS;9920;6
90600;Camilla;Pablo;VOLCANIC_ROCK_VOUCHER_10000;SEASHELLS;33;6
90600;Camilla;Pablo;VOLCANIC_ROCK_VOUCHER_10250;SEASHELLS;2;6
90600;Camilla;Pablo;VOLCANIC_ROCK_VOUCHER_10500;SEASHELLS;0;6
90600;Camilla;Pablo;VOLCANIC_ROCK_VOUCHER_9500;SEASHELLS;421;6
90600;Camilla;Pablo;VOLCANIC_ROCK_VOUCHER_9750;SEASHELLS;183;6
90700;Caesar;Paris;MAGNIFICENT_MACARONS;SEASHELLS;730;7
90800;Caesar;Paris;CROISSANTS;SEASHELLS;4292;8
90800;Caesar;Camilla;JAMS;SEASHELLS;6449;7
90800;Camilla;Caesar;VOLCANIC_ROCK_VOUCHER_10000;SEASHELLS;33;14
90800;Camilla;Caesar;VOLCANIC_ROCK_VOUCHER_10250;SEASHELLS;2;14
90800;Camilla;Caesar;VOLCANIC_ROCK_VOUCHER_9500;SEASHELLS;421;14
90800;Camilla;Caesar;VOLCANIC_ROCK_VOUCHER_9750;SEASHELLS;184;14
91000;Paris;Caesar;CROISSANTS;SEASHELLS;4293;6
91000;Pablo;Paris;KELP;SEASHELLS;2036;1
91000;Pablo;Paris;SQUID_INK;SEASHELLS;2006;1
91100;Charlie;Gary;KELP;SEASHELLS;2034;15
91100;Pablo;Charlie;RAINFOREST_RESIN;SEASHELLS;10002;3
91100;Charlie;Gary;SQUID_INK;SEASHELLS;2004;15
91200;Caesar;Paris;DJEMBES;SEASHELLS;13354;1
91800;Caesar;Paris;KELP;SEASHELLS;2035;1
91800;Charlie;Paris;SQUID_INK;SEASHELLS;2007;1
91900;Paris;Caesar;DJEMBES;SEASHELLS;13354;4
91900;Paris;Charlie;KELP;SEASHELLS;2037;1
91900;Paris;Charlie;SQUID_INK;SEASHELLS;2006;1
92000;Paris;Paris;KELP;SEASHELLS;2037;1
92000;Paris;Charlie;RAINFOREST_RESIN;SEASHELLS;10008;2
92000;Paris;Paris;SQUID_INK;SEASHELLS;2005;1
92300;Paris;Charlie;RAINFOREST_RESIN;SEASHELLS;10008;2
92400;Gary;Charlie;RAINFOREST_RESIN;SEASHELLS;10008;7
92500;Caesar;Camilla;DJEMBES;SEASHELLS;13353;8
92500;Camilla;Caesar;VOLCANIC_ROCK_VOUCHER_10000;SEASHELLS;38;18
92500;Caesar;Caesar;VOLCANIC_ROCK_VOUCHER_10000;SEASHELLS;38;1
92500;Camilla;Caesar;VOLCANIC_ROCK_VOUCHER_10250;SEASHELLS;2;18
92500;Caesar;Caesar;VOLCANIC_ROCK_VOUCHER_10250;SEASHELLS;2;1
92500;Camilla;Caesar;VOLCANIC_ROCK_VOUCHER_9500;SEASHELLS;425;18
92500;Caesar;Caesar;VOLCANIC_ROCK_VOUCHER_9500;SEASHELLS;425;1
92500;Camilla;Caesar;VOLCANIC_ROCK_VOUCHER_9750;SEASHELLS;186;18
92500;Caesar;Caesar;VOLCANIC_ROCK_VOUCHER_9750;SEASHELLS;186;1
92600;Paris;Paris;RAINFOREST_RESIN;SEASHELLS;10001;1
92800;Caesar;Paris;DJEMBES;SEASHELLS;13353;1
92900;Gina;Caesar;RAINFOREST_RESIN;SEASHELLS;10003;6
92900;Pablo;Caesar;RAINFOREST_RESIN;SEASHELLS;10002;3
93100;Charlie;Paris;KELP;SEASHELLS;2033;2
93100;Charlie;Paris;SQUID_INK;SEASHELLS;2013;2
93400;Caesar;Paris;DJEMBES;SEASHELLS;13353;3
93400;Caesar;Paris;KELP;SEASHELLS;2034;1
93400;Charlie;Paris;SQUID_INK;SEASHELLS;2013;1
93500;Gina;Charlie;KELP;SEASHELLS;2036;7
93500;Gina;Charlie;SQUID_INK;SEASHELLS;2017;7
93700;Caesar;Peter;VOLCANIC_ROCK;SEASHELLS;9922;8
93800;Paris;Caesar;CROISSANTS;SEASHELLS;4293;6
93800;Penelope;Charlie;KELP;SEASHELLS;2037;8
93800;Penelope;Caesar;PICNIC_BASKET1;SEASHELLS;58333;2
93800;Penelope;Caesar;PICNIC_BASKET2;SEASHELLS;30142;2
93800;Penelope;Charlie;SQUID_INK;SEASHELLS;2016;8
93800;Caesar;Caesar;VOLCANIC_ROCK;SEASHELLS;9922;5
93800;Camilla;Penelope;VOLCANIC_ROCK_VOUCHER_9500;SEASHELLS;423;14
93800;Camilla;Penelope;VOLCANIC_ROCK_VOUCHER_9750;SEASHELLS;183;14
93900;Caesar;Paris;CROISSANTS;SEASHELLS;4292;5
94000;Camilla;Penelope;VOLCANIC_ROCK_VOUCHER_10000;SEASHELLS;35;15
94000;Camilla;Penelope;VOLCANIC_ROCK_VOUCHER_9500;SEASHELLS;421;15
94000;Camilla;Penelope;VOLCANIC_ROCK_VOUCHER_9750;SEASHELLS;182;15
94100;Paris;Caesar;JAMS;SEASHELLS;6451;5
94200;Charlie;Caesar;SQUID_INK;SEASHELLS;2012;2
94300;Penelope;Charlie;RAINFOREST_RESIN;SEASHELLS;10008;4
94300;Camilla;Caesar;VOLCANIC_ROCK_VOUCHER_10000;SEASHELLS;38;17
94300;Caesar;Caesar;VOLCANIC_ROCK_VOUCHER_10000;SEASHELLS;38;1
94300;Camilla;Caesar;VOLCANIC_ROCK_VOUCHER_10250;SEASHELLS;2;17
94300;Caesar;Caesar;VOLCANIC_ROCK_VOUCHER_10250;SEASHELLS;2;1
94300;Camilla;Caesar;VOLCANIC_ROCK_VOUCHER_9500;SEASHELLS;421;17
94300;Caesar;Caesar;VOLCANIC_ROCK_VOUCHER_9500;SEASHELLS;421;1
94300;Camilla;Caesar;VOLCANIC_ROCK_VOUCHER_9750;SEASHELLS;185;17
94300;Caesar;Caesar;VOLCANIC_ROCK_VOUCHER_9750;SEASHELLS;185;1
94400;Gary;Charlie;RAINFOREST_RESIN;SEASHELLS;10008;8
94500;Paris;Caesar;DJEMBES;SEASHELLS;13356;3
94700;Caesar;Caesar;VOLCANIC_ROCK;SEASHELLS;9921;7
94800;Paris;Caesar;CROISSANTS;SEASHELLS;4292;6
94800;Paris;Caesar;JAMS;SEASHELLS;6452;7
95000;Camilla;Paris;KELP;SEASHELLS;2034;1
95000;Pablo;Charlie;RAINFOREST_RESIN;SEASHELLS;10002;4
95000;Camilla;Paris;SQUID_INK;SEASHELLS;2011;1
95100;Charlie;Paris;KELP;SEASHELLS;2033;1
95100;Charlie;Paris;SQUID_INK;SEASHELLS;2010;1
95100;Camilla;Caesar;VOLCANIC_ROCK_VOUCHER_10000;SEASHELLS;32;11
95100;Camilla;Caesar;VOLCANIC_ROCK_VOUCHER_10250;SEASHELLS;2;11
95100;Camilla;Caesar;VOLCANIC_ROCK_VOUCHER_9500;SEASHELLS;426;11
95100;Camilla;Caesar;VOLCANIC_ROCK_VOUCHER_9750;SEASHELLS;188;11
95500;Paris;Caesar;DJEMBES;SEASHELLS;13354;5
95500;Camilla;Caesar;PICNIC_BASKET2;SEASHELLS;30151;2
95700;Paris;Caesar;JAMS;SEASHELLS;6451;5
95700;Paris;Charlie;KELP;SEASHELLS;2036;2
95700;Paris;Charlie;SQUID_INK;SEASHELLS;2014;2
95800;Caesar;Pablo;PICNIC_BASKET1;SEASHELLS;58322;1
95800;Camilla;Pablo;PICNIC_BASKET1;SEASHELLS;58321;6
95800;Camilla;Pablo;PICNIC_BASKET2;SEASHELLS;30152;7
95800;Pablo;Pablo;RAINFOREST_RESIN;SEASHELLS;9998;3
95900;Caesar;Paris;JAMS;SEASHELLS;6450;10
96000;Charlie;Penelope;KELP;SEASHELLS;2032;4
96000;Charlie;Penelope;SQUID_INK;SEASHELLS;2011;4
96000;Peter;Caesar;VOLCANIC_ROCK;SEASHELLS;9927;8
96100;Paris;Camilla;KELP;SEASHELLS;2034;1
96100;Caesar;Paris;MAGNIFICENT_MACARONS;SEASHELLS;719;7
96100;Paris;Camilla;SQUID_INK;SEASHELLS;2016;1
96300;Paris;Caesar;CROISSANTS;SEASHELLS;4293;8
96300;Paris;Caesar;DJEMBES;SEASHELLS;13355;3
96700;Paris;Caesar;CROISSANTS;SEASHELLS;4293;5
96700;Caesar;Paris;MAGNIFICENT_MACARONS;SEASHELLS;705;7
96800;Charlie;Pablo;RAINFOREST_RESIN;SEASHELLS;9992;6
96900;Paris;Camilla;KELP;SEASHELLS;2034;1
96900;Paris;Camilla;SQUID_INK;SEASHELLS;2021;1
97000;Camilla;Caesar;VOLCANIC_ROCK_VOUCHER_10000;SEASHELLS;36;13
97000;Camilla;Pablo;VOLCANIC_ROCK_VOUCHER_10000;SEASHELLS;36;3
97000;Caesar;Pablo;VOLCANIC_ROCK_VOUCHER_10000;SEASHELLS;36;2
97000;Camilla;Caesar;VOLCANIC_ROCK_VOUCHER_10250;SEASHELLS;2;13
97000;Camilla;Pablo;VOLCANIC_ROCK_VOUCHER_10250;SEASHELLS;2;3
97000;Caesar;Pablo;VOLCANIC_ROCK_VOUCHER_10250;SEASHELLS;2;2
97000;Camilla;Pablo;VOLCANIC_ROCK_VOUCHER_10500;SEASHELLS;0;12
97000;Camilla;Caesar;VOLCANIC_ROCK_VOUCHER_9500;SEASHELLS;424;13
97000;Camilla;Pablo;VOLCANIC_ROCK_VOUCHER_9500;SEASHELLS;424;3
97000;Caesar;Pablo;VOLCANIC_ROCK_VOUCHER_9500;SEASHELLS;424;2
97000;Camilla;Caesar;VOLCANIC_ROCK_VOUCHER_9750;SEASHELLS;185;13
97000;Camilla;Pablo;VOLCANIC_ROCK_VOUCHER_9750;SEASHELLS;185;3
97000;Caesar;Pablo;VOLCANIC_ROCK_VOUCHER_9750;SEASHELLS;185;2
97100;Paris;Caesar;DJEMBES;SEASHELLS;13353;4
97100;Caesar;Caesar;VOLCANIC_ROCK;SEASHELLS;9922;6
97300;Caesar;Paris;DJEMBES;SEASHELLS;13350;1
97300;Paris;Charlie;KELP;SEASHELLS;2036;1
97300;Paris;Charlie;SQUID_INK;SEASHELLS;2026;1
97400;Paris;Charlie;KELP;SEASHELLS;2035;1
97400;Paris;Charlie;SQUID_INK;SEASHELLS;2023;1
97500;Caesar;Camilla;DJEMBES;SEASHELLS;13351;4
97900;Paris;Caesar;JAMS;SEASHELLS;6447;8
97900;Paris;Camilla;KELP;SEASHELLS;2035;1
97900;Paris;Camilla;SQUID_INK;SEASHELLS;2024;1
98000;Caesar;Camilla;DJEMBES;SEASHELLS;13353;11
98000;Caesar;Camilla;JAMS;SEASHELLS;6445;12
98200;Caesar;Paris;CROISSANTS;SEASHELLS;4293;5
98300;Paris;Caesar;DJEMBES;SEASHELLS;13355;2
98300;Paris;Charlie;KELP;SEASHELLS;2036;2
98300;Gina;Camilla;RAINFOREST_RESIN;SEASHELLS;10003;7
98300;Gina;Charlie;RAINFOREST_RESIN;SEASHELLS;10003;3
98300;Paris;Charlie;SQUID_INK;SEASHELLS;2025;2
98500;Paris;Caesar;KELP;SEASHELLS;2034;1
98500;Charlie;Gary;RAINFOREST_RESIN;SEASHELLS;9992;7
98500;Paris;Charlie;RAINFOREST_RESIN;SEASHELLS;10008;2
98500;Paris;Caesar;SQUID_INK;SEASHELLS;2024;1
98600;Caesar;Paris;CROISSANTS;SEASHELLS;4294;7
98600;Camilla;Paris;KELP;SEASHELLS;2032;1
98600;Camilla;Paris;SQUID_INK;SEASHELLS;2022;1
98800;Paris;Caesar;JAMS;SEASHELLS;6445;5
98800;Charlie;Pablo;RAINFOREST_RESIN;SEASHELLS;9998;3
98900;Caesar;Caesar;VOLCANIC_ROCK;SEASHELLS;9916;5
98900;Camilla;Caesar;VOLCANIC_ROCK_VOUCHER_10000;SEASHELLS;29;13
98900;Camilla;Caesar;VOLCANIC_ROCK_VOUCHER_10250;SEASHELLS;2;13
98900;Camilla;Caesar;VOLCANIC_ROCK_VOUCHER_9500;SEASHELLS;417;13
98900;Camilla;Caesar;VOLCANIC_ROCK_VOUCHER_9750;SEASHELLS;180;13
99000;Paris;Charlie;MAGNIFICENT_MACARONS;SEASHELLS;723;6
99000;Gina;Paris;RAINFOREST_RESIN;SEASHELLS;10003;1
99200;Paris;Charlie;KELP;SEASHELLS;2034;1
99200;Paris;Charlie;SQUID_INK;SEASHELLS;2025;1
99500;Camilla;Paris;KELP;SEASHELLS;2032;1
99500;Camilla;Paris;SQUID_INK;SEASHELLS;2028;1
99600;Caesar;Paris;DJEMBES;SEASHELLS;13354;1
99600;Charlie;Paris;RAINFOREST_RESIN;SEASHELLS;9992;1
99700;Paris;Charlie;KELP;SEASHELLS;2035;1
99700;Paris;Camilla;RAINFOREST_RESIN;SEASHELLS;10003;1
99700;Paris;Charlie;SQUID_INK;SEASHELLS;2031;1
99700;Camilla;Caesar;VOLCANIC_ROCK_VOUCHER_10000;SEASHELLS;30;14
99700;Camilla;Caesar;VOLCANIC_ROCK_VOUCHER_10250;SEASHELLS;2;14
99700;Camilla;Caesar;VOLCANIC_ROCK_VOUCHER_9500;SEASHELLS;414;14
99700;Camilla;Caesar;VOLCANIC_ROCK_VOUCHER_9750;SEASHELLS;177;14
99900;Caesar;Camilla;JAMS;SEASHELLS;6445;9
99900;Pablo;Caesar;PICNIC_BASKET1;SEASHELLS;58352;3
99900;Pablo;Caesar;PICNIC_BASKET1;SEASHELLS;58357;2
99900;Pablo;Caesar;PICNIC_BASKET2;SEASHELLS;30155;3
