timestamp;buyer;seller;symbol;currency;price;quantity
0;;;JAMS;SEASHELLS;6522;10
200;;;DJEMBES;SEASHELLS;13296;1
200;;;JAMS;SEASHELLS;6522;5
200;;;VOLCANIC_ROCK;SEASHELLS;10168;6
300;;;CROISSANTS;SEASHELLS;4242;6
500;;;CROISSANTS;SEASHELLS;4241;10
500;;;CROISSANTS;SEASHELLS;4241;5
500;;;RAINFOREST_RESIN;SEASHELLS;10003;6
500;;;VOLCANIC_ROCK_VOUCHER_10000;SEASHELLS;185;19
500;;;VOLCANIC_ROCK_VOUCHER_10250;SEASHELLS;37;19
500;;;VOLCANIC_ROCK_VOUCHER_10500;SEASHELLS;3;19
500;;;VOLCANIC_ROCK_VOUCHER_9500;SEASHELLS;670;19
500;;;VOLCANIC_ROCK_VOUCHER_9750;SEASHELLS;421;19
600;;;CROISSANTS;SEASHELLS;4241;8
600;;;MAGNIFICENT_MACARONS;SEASHELLS;674;7
700;;;CROISSANTS;SEASHELLS;4241;5
800;;;VOLCANIC_ROCK;SEASHELLS;10171;1
900;;;DJEMBES;SEASHELLS;13297;11
900;;;MAGNIFICENT_MACARONS;SEASHELLS;672;5
1000;;;JAMS;SEASHELLS;6521;9
1100;;;KELP;SEASHELLS;2040;1
1100;;;SQUID_INK;SEASHELLS;1821;1
1100;;;SQUID_INK;SEASHELLS;1822;3
1200;;;KELP;SEASHELLS;2040;1
1200;;;SQUID_INK;SEASHELLS;1820;1
1300;;;KELP;SEASHELLS;2041;1
1300;;;RAINFOREST_RESIN;SEASHELLS;9999;1
1300;;;VOLCANIC_ROCK_VOUCHER_10000;SEASHELLS;187;14
1300;;;VOLCANIC_ROCK_VOUCHER_10000;SEASHELLS;187;2
1300;;;VOLCANIC_ROCK_VOUCHER_10250;SEASHELLS;37;14
1300;;;VOLCANIC_ROCK_VOUCHER_10250;SEASHELLS;37;2
1300;;;VOLCANIC_ROCK_VOUCHER_10500;SEASHELLS;3;14
1300;;;VOLCANIC_ROCK_VOUCHER_10500;SEASHELLS;3;2
1300;;;VOLCANIC_ROCK_VOUCHER_9500;SEASHELLS;670;14
1300;;;VOLCANIC_ROCK_VOUCHER_9500;SEASHELLS;670;2
1300;;;VOLCANIC_ROCK_VOUCHER_9750;SEASHELLS;422;14
1300;;;VOLCANIC_ROCK_VOUCHER_9750;SEASHELLS;422;2
1400;;;KELP;SEASHELLS;2042;1
1400;;;SQUID_INK;SEASHELLS;1822;1
1500;;;KELP;SEASHELLS;2040;4
1500;;;PICNIC_BASKET1;SEASHELLS;58415;5
1500;;;PICNIC_BASKET2;SEASHELLS;30065;5
1500;;;RAINFOREST_RESIN;SEASHELLS;9998;4
1500;;;SQUID_INK;SEASHELLS;1820;4
1600;;;VOLCANIC_ROCK;SEASHELLS;10172;6
1700;;;KELP;SEASHELLS;2040;2
1700;;;PICNIC_BASKET1;SEASHELLS;58413;6
1700;;;PICNIC_BASKET2;SEASHELLS;30067;6
1700;;;RAINFOREST_RESIN;SEASHELLS;9992;2
1700;;;RAINFOREST_RESIN;SEASHELLS;9997;6
1700;;;SQUID_INK;SEASHELLS;1820;2
1900;;;CROISSANTS;SEASHELLS;4241;7
1900;;;DJEMBES;SEASHELLS;13298;2
2000;;;DJEMBES;SEASHELLS;13298;6
2000;;;MAGNIFICENT_MACARONS;SEASHELLS;664;4
2300;;;KELP;SEASHELLS;2043;15
2300;;;SQUID_INK;SEASHELLS;1825;15
2400;;;KELP;SEASHELLS;2043;8
2400;;;SQUID_INK;SEASHELLS;1825;8
2500;;;RAINFOREST_RESIN;SEASHELLS;9999;1
2500;;;VOLCANIC_ROCK;SEASHELLS;10172;7
2600;;;VOLCANIC_ROCK;SEASHELLS;10167;9
2700;;;KELP;SEASHELLS;2043;10
2700;;;SQUID_INK;SEASHELLS;1825;10
3200;;;KELP;SEASHELLS;2042;1
3300;;;CROISSANTS;SEASHELLS;4240;5
3400;;;RAINFOREST_RESIN;SEASHELLS;10001;1
3500;;;RAINFOREST_RESIN;SEASHELLS;9992;8
3600;;;CROISSANTS;SEASHELLS;4238;7
3600;;;KELP;SEASHELLS;2042;1
3600;;;KELP;SEASHELLS;2042;4
3600;;;RAINFOREST_RESIN;SEASHELLS;10008;4
3600;;;SQUID_INK;SEASHELLS;1828;1
3800;;;CROISSANTS;SEASHELLS;4238;5
3800;;;KELP;SEASHELLS;2043;2
3800;;;SQUID_INK;SEASHELLS;1832;2
4200;;;PICNIC_BASKET1;SEASHELLS;58370;2
4200;;;PICNIC_BASKET2;SEASHELLS;30041;2
4300;;;SQUID_INK;SEASHELLS;1833;5
4500;;;JAMS;SEASHELLS;6515;9
4500;;;KELP;SEASHELLS;2039;1
4500;;;KELP;SEASHELLS;2042;1
4500;;;SQUID_INK;SEASHELLS;1834;1
4500;;;SQUID_INK;SEASHELLS;1837;1
4800;;;CROISSANTS;SEASHELLS;4238;8
5300;;;JAMS;SEASHELLS;6517;6
5300;;;VOLCANIC_ROCK_VOUCHER_10000;SEASHELLS;176;12
5300;;;VOLCANIC_ROCK_VOUCHER_10250;SEASHELLS;34;12
5300;;;VOLCANIC_ROCK_VOUCHER_9500;SEASHELLS;659;12
5300;;;VOLCANIC_ROCK_VOUCHER_9750;SEASHELLS;410;12
5400;;;DJEMBES;SEASHELLS;13298;4
5600;;;KELP;SEASHELLS;2041;2
5600;;;SQUID_INK;SEASHELLS;1839;2
5700;;;DJEMBES;SEASHELLS;13299;5
5700;;;KELP;SEASHELLS;2039;1
5700;;;RAINFOREST_RESIN;SEASHELLS;10008;1
5700;;;SQUID_INK;SEASHELLS;1838;1
5900;;;KELP;SEASHELLS;2039;1
5900;;;SQUID_INK;SEASHELLS;1838;1
5900;;;VOLCANIC_ROCK;SEASHELLS;10156;1
6100;;;CROISSANTS;SEASHELLS;4239;5
6100;;;RAINFOREST_RESIN;SEASHELLS;9999;1
6200;;;CROISSANTS;SEASHELLS;4240;5
6200;;;VOLCANIC_ROCK;SEASHELLS;10157;8
6300;;;PICNIC_BASKET1;SEASHELLS;58361;3
6300;;;PICNIC_BASKET2;SEASHELLS;30055;3
6300;;;RAINFOREST_RESIN;SEASHELLS;10001;1
6400;;;JAMS;SEASHELLS;6514;4
6400;;;VOLCANIC_ROCK_VOUCHER_10000;SEASHELLS;174;15
6400;;;VOLCANIC_ROCK_VOUCHER_10250;SEASHELLS;33;15
6400;;;VOLCANIC_ROCK_VOUCHER_10500;SEASHELLS;3;15
6400;;;VOLCANIC_ROCK_VOUCHER_9500;SEASHELLS;655;15
6400;;;VOLCANIC_ROCK_VOUCHER_9750;SEASHELLS;406;15
6500;;;VOLCANIC_ROCK;SEASHELLS;10156;10
6800;;;KELP;SEASHELLS;2040;1
6800;;;SQUID_INK;SEASHELLS;1838;1
6900;;;KELP;SEASHELLS;2038;1
6900;;;SQUID_INK;SEASHELLS;1836;1
7000;;;JAMS;SEASHELLS;6513;3
7000;;;VOLCANIC_ROCK;SEASHELLS;10159;9
7100;;;CROISSANTS;SEASHELLS;4239;10
7100;;;JAMS;SEASHELLS;6513;6
7600;;;KELP;SEASHELLS;2040;1
7600;;;SQUID_INK;SEASHELLS;1844;1
7900;;;KELP;SEASHELLS;2040;1
7900;;;SQUID_INK;SEASHELLS;1843;1
8100;;;KELP;SEASHELLS;2041;1
8100;;;RAINFOREST_RESIN;SEASHELLS;9999;1
8100;;;SQUID_INK;SEASHELLS;1841;1
8300;;;DJEMBES;SEASHELLS;13294;4
8300;;;VOLCANIC_ROCK_VOUCHER_10000;SEASHELLS;179;13
8300;;;VOLCANIC_ROCK_VOUCHER_10000;SEASHELLS;179;2
8300;;;VOLCANIC_ROCK_VOUCHER_10250;SEASHELLS;34;13
8300;;;VOLCANIC_ROCK_VOUCHER_10250;SEASHELLS;34;2
8300;;;VOLCANIC_ROCK_VOUCHER_10500;SEASHELLS;3;13
8300;;;VOLCANIC_ROCK_VOUCHER_10500;SEASHELLS;3;2
8300;;;VOLCANIC_ROCK_VOUCHER_9500;SEASHELLS;661;13
8300;;;VOLCANIC_ROCK_VOUCHER_9500;SEASHELLS;661;2
8300;;;VOLCANIC_ROCK_VOUCHER_9750;SEASHELLS;412;13
8300;;;VOLCANIC_ROCK_VOUCHER_9750;SEASHELLS;412;2
8400;;;RAINFOREST_RESIN;SEASHELLS;9992;4
8400;;;VOLCANIC_ROCK;SEASHELLS;10163;8
8500;;;RAINFOREST_RESIN;SEASHELLS;10008;1
8600;;;DJEMBES;SEASHELLS;13296;1
8700;;;SQUID_INK;SEASHELLS;1843;1
9000;;;RAINFOREST_RESIN;SEASHELLS;9997;5
9100;;;RAINFOREST_RESIN;SEASHELLS;9992;4
9100;;;RAINFOREST_RESIN;SEASHELLS;9992;2
9400;;;JAMS;SEASHELLS;6513;9
9400;;;VOLCANIC_ROCK;SEASHELLS;10163;9
9500;;;RAINFOREST_RESIN;SEASHELLS;9999;1
9700;;;CROISSANTS;SEASHELLS;4239;5
9700;;;MAGNIFICENT_MACARONS;SEASHELLS;644;6
9700;;;RAINFOREST_RESIN;SEASHELLS;10001;1
9800;;;CROISSANTS;SEASHELLS;4240;6
9900;;;CROISSANTS;SEASHELLS;4240;7
9900;;;DJEMBES;SEASHELLS;13296;4
9900;;;KELP;SEASHELLS;2038;3
9900;;;KELP;SEASHELLS;2041;7
9900;;;SQUID_INK;SEASHELLS;1841;3
9900;;;SQUID_INK;SEASHELLS;1843;7
10000;;;KELP;SEASHELLS;2039;1
10000;;;KELP;SEASHELLS;2038;5
10000;;;SQUID_INK;SEASHELLS;1843;1
10100;;;VOLCANIC_ROCK_VOUCHER_10000;SEASHELLS;179;12
10100;;;VOLCANIC_ROCK_VOUCHER_10250;SEASHELLS;35;12
10100;;;VOLCANIC_ROCK_VOUCHER_10500;SEASHELLS;3;12
10100;;;VOLCANIC_ROCK_VOUCHER_9500;SEASHELLS;662;12
10100;;;VOLCANIC_ROCK_VOUCHER_9750;SEASHELLS;413;12
10300;;;DJEMBES;SEASHELLS;13297;10
10400;;;DJEMBES;SEASHELLS;13299;1
10400;;;RAINFOREST_RESIN;SEASHELLS;10008;4
10400;;;SQUID_INK;SEASHELLS;1847;1
10600;;;JAMS;SEASHELLS;6515;8
10600;;;KELP;SEASHELLS;2039;2
10600;;;KELP;SEASHELLS;2037;15
10600;;;SQUID_INK;SEASHELLS;1846;2
10600;;;SQUID_INK;SEASHELLS;1845;15
10700;;;KELP;SEASHELLS;2037;14
10700;;;SQUID_INK;SEASHELLS;1845;14
10800;;;DJEMBES;SEASHELLS;13299;1
10900;;;MAGNIFICENT_MACARONS;SEASHELLS;649;5
10900;;;VOLCANIC_ROCK;SEASHELLS;10164;10
10900;;;VOLCANIC_ROCK;SEASHELLS;10164;7
11300;;;VOLCANIC_ROCK_VOUCHER_10000;SEASHELLS;178;14
11300;;;VOLCANIC_ROCK_VOUCHER_9500;SEASHELLS;660;14
11300;;;VOLCANIC_ROCK_VOUCHER_9750;SEASHELLS;412;14
11400;;;MAGNIFICENT_MACARONS;SEASHELLS;648;2
11500;;;DJEMBES;SEASHELLS;13299;2
11600;;;CROISSANTS;SEASHELLS;4237;7
11600;;;DJEMBES;SEASHELLS;13299;5
11700;;;KELP;SEASHELLS;2037;4
11700;;;SQUID_INK;SEASHELLS;1847;4
12100;;;CROISSANTS;SEASHELLS;4238;8
12500;;;JAMS;SEASHELLS;6515;10
12500;;;KELP;SEASHELLS;2040;1
12500;;;SQUID_INK;SEASHELLS;1850;1
12700;;;KELP;SEASHELLS;2037;1
12700;;;KELP;SEASHELLS;2038;4
12700;;;SQUID_INK;SEASHELLS;1847;1
13000;;;CROISSANTS;SEASHELLS;4236;8
13100;;;JAMS;SEASHELLS;6514;3
13200;;;KELP;SEASHELLS;2041;13
13200;;;SQUID_INK;SEASHELLS;1854;13
13300;;;KELP;SEASHELLS;2041;1
13300;;;SQUID_INK;SEASHELLS;1855;1
13300;;;VOLCANIC_ROCK_VOUCHER_10000;SEASHELLS;138;16
13300;;;VOLCANIC_ROCK_VOUCHER_9500;SEASHELLS;614;16
13300;;;VOLCANIC_ROCK_VOUCHER_9750;SEASHELLS;366;16
13500;;;DJEMBES;SEASHELLS;13301;1
13500;;;MAGNIFICENT_MACARONS;SEASHELLS;635;5
13500;;;RAINFOREST_RESIN;SEASHELLS;10003;1
13500;;;VOLCANIC_ROCK;SEASHELLS;10112;5
13600;;;KELP;SEASHELLS;2040;3
13600;;;SQUID_INK;SEASHELLS;1854;3
13700;;;RAINFOREST_RESIN;SEASHELLS;10008;1
13800;;;DJEMBES;SEASHELLS;13301;3
13800;;;JAMS;SEASHELLS;6515;4
13900;;;CROISSANTS;SEASHELLS;4237;8
13900;;;VOLCANIC_ROCK;SEASHELLS;10117;5
14200;;;CROISSANTS;SEASHELLS;4237;8
14200;;;JAMS;SEASHELLS;6517;10
14300;;;JAMS;SEASHELLS;6517;8
14300;;;RAINFOREST_RESIN;SEASHELLS;10008;2
14400;;;VOLCANIC_ROCK;SEASHELLS;10127;10
14600;;;KELP;SEASHELLS;2041;1
14600;;;SQUID_INK;SEASHELLS;1854;1
14700;;;KELP;SEASHELLS;2040;1
14700;;;SQUID_INK;SEASHELLS;1855;1
15000;;;CROISSANTS;SEASHELLS;4236;6
15000;;;MAGNIFICENT_MACARONS;SEASHELLS;624;5
15100;;;VOLCANIC_ROCK_VOUCHER_10000;SEASHELLS;152;12
15100;;;VOLCANIC_ROCK_VOUCHER_10000;SEASHELLS;152;2
15100;;;VOLCANIC_ROCK_VOUCHER_10250;SEASHELLS;26;12
15100;;;VOLCANIC_ROCK_VOUCHER_10250;SEASHELLS;26;2
15100;;;VOLCANIC_ROCK_VOUCHER_10500;SEASHELLS;2;12
15100;;;VOLCANIC_ROCK_VOUCHER_10500;SEASHELLS;2;2
15100;;;VOLCANIC_ROCK_VOUCHER_9500;SEASHELLS;629;12
15100;;;VOLCANIC_ROCK_VOUCHER_9500;SEASHELLS;629;2
15100;;;VOLCANIC_ROCK_VOUCHER_9750;SEASHELLS;381;12
15100;;;VOLCANIC_ROCK_VOUCHER_9750;SEASHELLS;381;2
15200;;;KELP;SEASHELLS;2041;1
15200;;;RAINFOREST_RESIN;SEASHELLS;10008;6
15200;;;RAINFOREST_RESIN;SEASHELLS;10008;2
15200;;;SQUID_INK;SEASHELLS;1854;1
15300;;;VOLCANIC_ROCK;SEASHELLS;10126;7
15300;;;VOLCANIC_ROCK_VOUCHER_10000;SEASHELLS;154;10
15300;;;VOLCANIC_ROCK_VOUCHER_10250;SEASHELLS;25;10
15300;;;VOLCANIC_ROCK_VOUCHER_10500;SEASHELLS;2;10
15300;;;VOLCANIC_ROCK_VOUCHER_9500;SEASHELLS;627;10
15300;;;VOLCANIC_ROCK_VOUCHER_9750;SEASHELLS;378;10
15500;;;MAGNIFICENT_MACARONS;SEASHELLS;612;7
15700;;;VOLCANIC_ROCK;SEASHELLS;10134;9
15800;;;VOLCANIC_ROCK_VOUCHER_10000;SEASHELLS;155;13
15800;;;VOLCANIC_ROCK_VOUCHER_10250;SEASHELLS;26;13
15800;;;VOLCANIC_ROCK_VOUCHER_10500;SEASHELLS;2;13
15800;;;VOLCANIC_ROCK_VOUCHER_9500;SEASHELLS;632;13
15800;;;VOLCANIC_ROCK_VOUCHER_9750;SEASHELLS;384;13
15900;;;JAMS;SEASHELLS;6514;4
16100;;;RAINFOREST_RESIN;SEASHELLS;9999;1
16500;;;DJEMBES;SEASHELLS;13302;4
16500;;;PICNIC_BASKET1;SEASHELLS;58322;1
16500;;;PICNIC_BASKET2;SEASHELLS;30063;1
16500;;;VOLCANIC_ROCK_VOUCHER_10000;SEASHELLS;159;16
16500;;;VOLCANIC_ROCK_VOUCHER_10000;SEASHELLS;159;2
16500;;;VOLCANIC_ROCK_VOUCHER_9500;SEASHELLS;639;16
16500;;;VOLCANIC_ROCK_VOUCHER_9500;SEASHELLS;639;2
16500;;;VOLCANIC_ROCK_VOUCHER_9750;SEASHELLS;390;16
16500;;;VOLCANIC_ROCK_VOUCHER_9750;SEASHELLS;390;2
16700;;;KELP;SEASHELLS;2039;10
16700;;;SQUID_INK;SEASHELLS;1846;10
16900;;;CROISSANTS;SEASHELLS;4236;7
16900;;;JAMS;SEASHELLS;6514;8
16900;;;RAINFOREST_RESIN;SEASHELLS;9999;1
16900;;;RAINFOREST_RESIN;SEASHELLS;10003;11
17000;;;VOLCANIC_ROCK_VOUCHER_10000;SEASHELLS;166;11
17000;;;VOLCANIC_ROCK_VOUCHER_10000;SEASHELLS;166;1
17000;;;VOLCANIC_ROCK_VOUCHER_10250;SEASHELLS;30;11
17000;;;VOLCANIC_ROCK_VOUCHER_10250;SEASHELLS;30;1
17000;;;VOLCANIC_ROCK_VOUCHER_10500;SEASHELLS;2;11
17000;;;VOLCANIC_ROCK_VOUCHER_10500;SEASHELLS;2;1
17000;;;VOLCANIC_ROCK_VOUCHER_9500;SEASHELLS;648;11
17000;;;VOLCANIC_ROCK_VOUCHER_9500;SEASHELLS;648;1
17000;;;VOLCANIC_ROCK_VOUCHER_9750;SEASHELLS;400;11
17000;;;VOLCANIC_ROCK_VOUCHER_9750;SEASHELLS;400;1
17100;;;KELP;SEASHELLS;2039;10
17100;;;SQUID_INK;SEASHELLS;1846;10
17200;;;MAGNIFICENT_MACARONS;SEASHELLS;632;6
17400;;;JAMS;SEASHELLS;6514;9
17400;;;KELP;SEASHELLS;2038;1
17400;;;SQUID_INK;SEASHELLS;1846;1
17500;;;KELP;SEASHELLS;2038;15
17500;;;KELP;SEASHELLS;2042;1
17500;;;PICNIC_BASKET1;SEASHELLS;58344;2
17500;;;PICNIC_BASKET2;SEASHELLS;30076;5
17500;;;SQUID_INK;SEASHELLS;1844;15
17500;;;SQUID_INK;SEASHELLS;1847;1
17600;;;JAMS;SEASHELLS;6514;6
17600;;;KELP;SEASHELLS;2038;12
17600;;;PICNIC_BASKET1;SEASHELLS;58355;6
17600;;;PICNIC_BASKET2;SEASHELLS;30078;1
17600;;;SQUID_INK;SEASHELLS;1844;12
17800;;;DJEMBES;SEASHELLS;13304;5
17800;;;KELP;SEASHELLS;2040;1
17800;;;SQUID_INK;SEASHELLS;1845;1
17900;;;KELP;SEASHELLS;2040;1
17900;;;PICNIC_BASKET1;SEASHELLS;58330;5
17900;;;PICNIC_BASKET2;SEASHELLS;30063;5
17900;;;SQUID_INK;SEASHELLS;1846;1
18000;;;CROISSANTS;SEASHELLS;4237;5
18000;;;DJEMBES;SEASHELLS;13305;2
18000;;;MAGNIFICENT_MACARONS;SEASHELLS;619;6
18200;;;CROISSANTS;SEASHELLS;4237;9
18400;;;JAMS;SEASHELLS;6514;4
18500;;;RAINFOREST_RESIN;SEASHELLS;9999;1
18700;;;JAMS;SEASHELLS;6513;4
18900;;;KELP;SEASHELLS;2038;1
18900;;;RAINFOREST_RESIN;SEASHELLS;9999;1
18900;;;SQUID_INK;SEASHELLS;1841;1
18900;;;VOLCANIC_ROCK_VOUCHER_10000;SEASHELLS;156;10
18900;;;VOLCANIC_ROCK_VOUCHER_9500;SEASHELLS;634;10
18900;;;VOLCANIC_ROCK_VOUCHER_9750;SEASHELLS;386;10
19000;;;DJEMBES;SEASHELLS;13307;3
19000;;;KELP;SEASHELLS;2038;1
19000;;;KELP;SEASHELLS;2041;15
19000;;;SQUID_INK;SEASHELLS;1840;1
19000;;;SQUID_INK;SEASHELLS;1843;15
19100;;;PICNIC_BASKET1;SEASHELLS;58301;1
19100;;;PICNIC_BASKET2;SEASHELLS;30058;7
19300;;;VOLCANIC_ROCK;SEASHELLS;10136;3
19300;;;VOLCANIC_ROCK;SEASHELLS;10134;7
19400;;;JAMS;SEASHELLS;6513;5
19400;;;KELP;SEASHELLS;2040;1
19400;;;SQUID_INK;SEASHELLS;1838;1
19400;;;VOLCANIC_ROCK;SEASHELLS;10135;6
19600;;;CROISSANTS;SEASHELLS;4236;6
19700;;;DJEMBES;SEASHELLS;13301;10
19700;;;PICNIC_BASKET1;SEASHELLS;58287;7
19700;;;PICNIC_BASKET2;SEASHELLS;30061;7
19900;;;CROISSANTS;SEASHELLS;4236;7
20100;;;SQUID_INK;SEASHELLS;1834;1
20300;;;KELP;SEASHELLS;2037;1
20300;;;SQUID_INK;SEASHELLS;1835;1
20400;;;DJEMBES;SEASHELLS;13304;5
20400;;;JAMS;SEASHELLS;6516;9
20500;;;KELP;SEASHELLS;2037;2
20500;;;SQUID_INK;SEASHELLS;1836;2
20700;;;DJEMBES;SEASHELLS;13301;2
20700;;;JAMS;SEASHELLS;6515;4
20900;;;CROISSANTS;SEASHELLS;4236;7
21000;;;JAMS;SEASHELLS;6515;10
21000;;;KELP;SEASHELLS;2036;1
21000;;;SQUID_INK;SEASHELLS;1839;1
21100;;;KELP;SEASHELLS;2036;1
21100;;;KELP;SEASHELLS;2040;12
21100;;;RAINFOREST_RESIN;SEASHELLS;9992;6
21100;;;SQUID_INK;SEASHELLS;1840;1
21200;;;KELP;SEASHELLS;2038;1
21200;;;SQUID_INK;SEASHELLS;1843;1
21300;;;CROISSANTS;SEASHELLS;4238;6
21300;;;RAINFOREST_RESIN;SEASHELLS;10008;8
21400;;;RAINFOREST_RESIN;SEASHELLS;10008;5
21400;;;VOLCANIC_ROCK_VOUCHER_10000;SEASHELLS;165;14
21400;;;VOLCANIC_ROCK_VOUCHER_10250;SEASHELLS;31;14
21400;;;VOLCANIC_ROCK_VOUCHER_9500;SEASHELLS;648;14
21400;;;VOLCANIC_ROCK_VOUCHER_9750;SEASHELLS;399;14
21500;;;DJEMBES;SEASHELLS;13305;4
21500;;;PICNIC_BASKET1;SEASHELLS;58306;5
21500;;;PICNIC_BASKET2;SEASHELLS;30059;5
21600;;;DJEMBES;SEASHELLS;13305;1
21600;;;RAINFOREST_RESIN;SEASHELLS;10008;1
21900;;;JAMS;SEASHELLS;6512;5
22200;;;DJEMBES;SEASHELLS;13303;10
22400;;;RAINFOREST_RESIN;SEASHELLS;10002;5
22500;;;JAMS;SEASHELLS;6510;6
22500;;;VOLCANIC_ROCK;SEASHELLS;10139;3
22500;;;VOLCANIC_ROCK_VOUCHER_10000;SEASHELLS;158;10
22500;;;VOLCANIC_ROCK_VOUCHER_9500;SEASHELLS;639;10
22500;;;VOLCANIC_ROCK_VOUCHER_9750;SEASHELLS;391;10
22700;;;JAMS;SEASHELLS;6510;10
22900;;;KELP;SEASHELLS;2038;1
23000;;;DJEMBES;SEASHELLS;13302;5
23200;;;DJEMBES;SEASHELLS;13302;2
23300;;;KELP;SEASHELLS;2038;1
23400;;;KELP;SEASHELLS;2038;1
23400;;;SQUID_INK;SEASHELLS;1846;1
23400;;;VOLCANIC_ROCK_VOUCHER_10000;SEASHELLS;165;11
23400;;;VOLCANIC_ROCK_VOUCHER_9500;SEASHELLS;646;11
23400;;;VOLCANIC_ROCK_VOUCHER_9750;SEASHELLS;397;11
23500;;;RAINFOREST_RESIN;SEASHELLS;10008;1
23600;;;DJEMBES;SEASHELLS;13302;1
23600;;;KELP;SEASHELLS;2040;1
23600;;;SQUID_INK;SEASHELLS;1847;1
23600;;;VOLCANIC_ROCK;SEASHELLS;10144;7
23700;;;CROISSANTS;SEASHELLS;4235;5
23700;;;VOLCANIC_ROCK_VOUCHER_10000;SEASHELLS;162;9
23700;;;VOLCANIC_ROCK_VOUCHER_10250;SEASHELLS;29;9
23700;;;VOLCANIC_ROCK_VOUCHER_10500;SEASHELLS;2;9
23700;;;VOLCANIC_ROCK_VOUCHER_9500;SEASHELLS;643;9
23700;;;VOLCANIC_ROCK_VOUCHER_9750;SEASHELLS;394;9
24100;;;CROISSANTS;SEASHELLS;4236;10
24100;;;PICNIC_BASKET1;SEASHELLS;58278;1
24100;;;PICNIC_BASKET1;SEASHELLS;58278;3
24100;;;PICNIC_BASKET2;SEASHELLS;30055;4
24200;;;CROISSANTS;SEASHELLS;4236;8
24200;;;KELP;SEASHELLS;2037;1
24200;;;SQUID_INK;SEASHELLS;1848;1
24600;;;JAMS;SEASHELLS;6512;10
24600;;;VOLCANIC_ROCK;SEASHELLS;10148;3
24600;;;VOLCANIC_ROCK_VOUCHER_10000;SEASHELLS;167;14
24600;;;VOLCANIC_ROCK_VOUCHER_10000;SEASHELLS;167;2
24600;;;VOLCANIC_ROCK_VOUCHER_10250;SEASHELLS;30;14
24600;;;VOLCANIC_ROCK_VOUCHER_10250;SEASHELLS;30;2
24600;;;VOLCANIC_ROCK_VOUCHER_10500;SEASHELLS;2;14
24600;;;VOLCANIC_ROCK_VOUCHER_10500;SEASHELLS;2;2
24600;;;VOLCANIC_ROCK_VOUCHER_9500;SEASHELLS;647;14
24600;;;VOLCANIC_ROCK_VOUCHER_9500;SEASHELLS;647;2
24600;;;VOLCANIC_ROCK_VOUCHER_9750;SEASHELLS;399;2
24700;;;DJEMBES;SEASHELLS;13301;4
24700;;;VOLCANIC_ROCK_VOUCHER_10000;SEASHELLS;166;12
24700;;;VOLCANIC_ROCK_VOUCHER_10250;SEASHELLS;30;12
24700;;;VOLCANIC_ROCK_VOUCHER_10500;SEASHELLS;2;12
24700;;;VOLCANIC_ROCK_VOUCHER_9500;SEASHELLS;645;12
24700;;;VOLCANIC_ROCK_VOUCHER_9750;SEASHELLS;397;12
24800;;;DJEMBES;SEASHELLS;13300;11
24900;;;JAMS;SEASHELLS;6511;8
24900;;;VOLCANIC_ROCK_VOUCHER_10000;SEASHELLS;163;10
24900;;;VOLCANIC_ROCK_VOUCHER_10000;SEASHELLS;163;1
24900;;;VOLCANIC_ROCK_VOUCHER_9500;SEASHELLS;644;10
24900;;;VOLCANIC_ROCK_VOUCHER_9500;SEASHELLS;644;1
24900;;;VOLCANIC_ROCK_VOUCHER_9750;SEASHELLS;394;10
24900;;;VOLCANIC_ROCK_VOUCHER_9750;SEASHELLS;394;1
25000;;;RAINFOREST_RESIN;SEASHELLS;10001;1
25100;;;CROISSANTS;SEASHELLS;4237;8
25100;;;JAMS;SEASHELLS;6511;10
25100;;;RAINFOREST_RESIN;SEASHELLS;10008;2
25100;;;VOLCANIC_ROCK_VOUCHER_10000;SEASHELLS;163;11
25100;;;VOLCANIC_ROCK_VOUCHER_10000;SEASHELLS;163;1
25100;;;VOLCANIC_ROCK_VOUCHER_10250;SEASHELLS;29;11
25100;;;VOLCANIC_ROCK_VOUCHER_10250;SEASHELLS;29;1
25100;;;VOLCANIC_ROCK_VOUCHER_10500;SEASHELLS;2;11
25100;;;VOLCANIC_ROCK_VOUCHER_10500;SEASHELLS;2;1
25100;;;VOLCANIC_ROCK_VOUCHER_9500;SEASHELLS;642;11
25100;;;VOLCANIC_ROCK_VOUCHER_9500;SEASHELLS;642;1
25100;;;VOLCANIC_ROCK_VOUCHER_9750;SEASHELLS;394;11
25100;;;VOLCANIC_ROCK_VOUCHER_9750;SEASHELLS;394;1
25200;;;KELP;SEASHELLS;2039;1
25200;;;SQUID_INK;SEASHELLS;1851;1
25300;;;RAINFOREST_RESIN;SEASHELLS;9999;1
25400;;;DJEMBES;SEASHELLS;13301;1
25400;;;KELP;SEASHELLS;2037;12
25400;;;KELP;SEASHELLS;2041;11
25400;;;SQUID_INK;SEASHELLS;1850;12
25400;;;SQUID_INK;SEASHELLS;1853;11
25400;;;VOLCANIC_ROCK;SEASHELLS;10147;10
25500;;;JAMS;SEASHELLS;6511;5
25500;;;KELP;SEASHELLS;2038;2
25500;;;RAINFOREST_RESIN;SEASHELLS;10002;3
25500;;;SQUID_INK;SEASHELLS;1849;2
25600;;;KELP;SEASHELLS;2040;1
25600;;;KELP;SEASHELLS;2040;5
25600;;;KELP;SEASHELLS;2040;0
25600;;;KELP;SEASHELLS;2040;5
25600;;;SQUID_INK;SEASHELLS;1852;1
25600;;;SQUID_INK;SEASHELLS;1851;5
25600;;;VOLCANIC_ROCK_VOUCHER_10000;SEASHELLS;168;9
25600;;;VOLCANIC_ROCK_VOUCHER_10250;SEASHELLS;31;9
25600;;;VOLCANIC_ROCK_VOUCHER_10500;SEASHELLS;2;9
25600;;;VOLCANIC_ROCK_VOUCHER_9500;SEASHELLS;648;9
25600;;;VOLCANIC_ROCK_VOUCHER_9750;SEASHELLS;400;9
25700;;;KELP;SEASHELLS;2040;1
25700;;;SQUID_INK;SEASHELLS;1852;1
25800;;;VOLCANIC_ROCK_VOUCHER_10000;SEASHELLS;167;12
25800;;;VOLCANIC_ROCK_VOUCHER_10250;SEASHELLS;30;12
25800;;;VOLCANIC_ROCK_VOUCHER_10500;SEASHELLS;2;12
25800;;;VOLCANIC_ROCK_VOUCHER_9500;SEASHELLS;648;12
25800;;;VOLCANIC_ROCK_VOUCHER_9750;SEASHELLS;400;12
25900;;;DJEMBES;SEASHELLS;13301;5
26100;;;KELP;SEASHELLS;2041;2
26100;;;PICNIC_BASKET2;SEASHELLS;30053;1
26100;;;SQUID_INK;SEASHELLS;1850;2
26200;;;CROISSANTS;SEASHELLS;4236;9
26200;;;RAINFOREST_RESIN;SEASHELLS;10008;6
26400;;;VOLCANIC_ROCK;SEASHELLS;10140;1
26500;;;CROISSANTS;SEASHELLS;4236;10
26500;;;RAINFOREST_RESIN;SEASHELLS;10008;10
26600;;;JAMS;SEASHELLS;6514;8
26700;;;KELP;SEASHELLS;2038;15
26700;;;KELP;SEASHELLS;2038;2
26700;;;SQUID_INK;SEASHELLS;1848;15
26700;;;SQUID_INK;SEASHELLS;1848;2
26700;;;VOLCANIC_ROCK;SEASHELLS;10134;8
26900;;;KELP;SEASHELLS;2041;10
26900;;;PICNIC_BASKET1;SEASHELLS;58293;1
26900;;;PICNIC_BASKET2;SEASHELLS;30061;6
26900;;;SQUID_INK;SEASHELLS;1847;10
27000;;;MAGNIFICENT_MACARONS;SEASHELLS;630;6
27100;;;KELP;SEASHELLS;2038;1
27100;;;KELP;SEASHELLS;2038;8
27100;;;SQUID_INK;SEASHELLS;1844;1
27100;;;SQUID_INK;SEASHELLS;1844;8
27100;;;VOLCANIC_ROCK_VOUCHER_10000;SEASHELLS;160;13
27100;;;VOLCANIC_ROCK_VOUCHER_10250;SEASHELLS;29;13
27100;;;VOLCANIC_ROCK_VOUCHER_10500;SEASHELLS;2;13
27100;;;VOLCANIC_ROCK_VOUCHER_9500;SEASHELLS;641;13
27100;;;VOLCANIC_ROCK_VOUCHER_9750;SEASHELLS;393;13
27200;;;KELP;SEASHELLS;2038;1
27200;;;RAINFOREST_RESIN;SEASHELLS;9992;8
27200;;;SQUID_INK;SEASHELLS;1842;1
27300;;;DJEMBES;SEASHELLS;13299;5
27400;;;JAMS;SEASHELLS;6516;3
27500;;;RAINFOREST_RESIN;SEASHELLS;10008;4
27500;;;VOLCANIC_ROCK_VOUCHER_10000;SEASHELLS;163;12
27500;;;VOLCANIC_ROCK_VOUCHER_9500;SEASHELLS;642;12
27500;;;VOLCANIC_ROCK_VOUCHER_9750;SEASHELLS;394;12
27600;;;PICNIC_BASKET1;SEASHELLS;58297;2
27600;;;PICNIC_BASKET2;SEASHELLS;30056;7
27700;;;MAGNIFICENT_MACARONS;SEASHELLS;624;5
28000;;;DJEMBES;SEASHELLS;13300;4
28000;;;KELP;SEASHELLS;2039;2
28000;;;SQUID_INK;SEASHELLS;1840;2
28000;;;VOLCANIC_ROCK;SEASHELLS;10143;6
28100;;;JAMS;SEASHELLS;6516;10
28100;;;VOLCANIC_ROCK_VOUCHER_10000;SEASHELLS;163;7
28100;;;VOLCANIC_ROCK_VOUCHER_10250;SEASHELLS;29;7
28100;;;VOLCANIC_ROCK_VOUCHER_10500;SEASHELLS;2;7
28100;;;VOLCANIC_ROCK_VOUCHER_9500;SEASHELLS;644;7
28100;;;VOLCANIC_ROCK_VOUCHER_9750;SEASHELLS;396;7
28200;;;JAMS;SEASHELLS;6516;3
28200;;;RAINFOREST_RESIN;SEASHELLS;10001;1
28500;;;CROISSANTS;SEASHELLS;4236;8
28800;;;VOLCANIC_ROCK_VOUCHER_10000;SEASHELLS;173;12
28800;;;VOLCANIC_ROCK_VOUCHER_9500;SEASHELLS;655;12
28800;;;VOLCANIC_ROCK_VOUCHER_9750;SEASHELLS;406;12
29000;;;MAGNIFICENT_MACARONS;SEASHELLS;625;5
29000;;;MAGNIFICENT_MACARONS;SEASHELLS;625;1
29200;;;KELP;SEASHELLS;2040;1
29200;;;KELP;SEASHELLS;2040;1
29200;;;SQUID_INK;SEASHELLS;1844;1
29200;;;SQUID_INK;SEASHELLS;1844;1
29300;;;RAINFOREST_RESIN;SEASHELLS;10001;1
29400;;;CROISSANTS;SEASHELLS;4235;7
29400;;;KELP;SEASHELLS;2040;1
29400;;;SQUID_INK;SEASHELLS;1845;1
29500;;;CROISSANTS;SEASHELLS;4236;8
29800;;;CROISSANTS;SEASHELLS;4236;6
29900;;;KELP;SEASHELLS;2038;1
29900;;;SQUID_INK;SEASHELLS;1843;1
30200;;;RAINFOREST_RESIN;SEASHELLS;9992;1
30300;;;JAMS;SEASHELLS;6517;5
30600;;;CROISSANTS;SEASHELLS;4235;7
30600;;;KELP;SEASHELLS;2038;2
30600;;;RAINFOREST_RESIN;SEASHELLS;9998;4
30600;;;SQUID_INK;SEASHELLS;1843;2
30800;;;VOLCANIC_ROCK_VOUCHER_10000;SEASHELLS;170;13
30800;;;VOLCANIC_ROCK_VOUCHER_10500;SEASHELLS;3;13
30800;;;VOLCANIC_ROCK_VOUCHER_9500;SEASHELLS;651;13
30800;;;VOLCANIC_ROCK_VOUCHER_9750;SEASHELLS;402;13
30900;;;KELP;SEASHELLS;2039;2
30900;;;PICNIC_BASKET1;SEASHELLS;58275;1
30900;;;PICNIC_BASKET2;SEASHELLS;30056;1
30900;;;RAINFOREST_RESIN;SEASHELLS;10008;4
30900;;;SQUID_INK;SEASHELLS;1846;2
31000;;;CROISSANTS;SEASHELLS;4235;7
31000;;;DJEMBES;SEASHELLS;13294;1
31000;;;VOLCANIC_ROCK_VOUCHER_10000;SEASHELLS;161;11
31000;;;VOLCANIC_ROCK_VOUCHER_10250;SEASHELLS;29;11
31000;;;VOLCANIC_ROCK_VOUCHER_10500;SEASHELLS;2;11
31000;;;VOLCANIC_ROCK_VOUCHER_9500;SEASHELLS;643;11
31000;;;VOLCANIC_ROCK_VOUCHER_9750;SEASHELLS;395;11
31300;;;KELP;SEASHELLS;2036;1
31300;;;KELP;SEASHELLS;2039;2
31300;;;SQUID_INK;SEASHELLS;1845;1
31400;;;VOLCANIC_ROCK;SEASHELLS;10139;8
31500;;;CROISSANTS;SEASHELLS;4237;5
31600;;;CROISSANTS;SEASHELLS;4237;6
31600;;;VOLCANIC_ROCK;SEASHELLS;10141;1
31700;;;CROISSANTS;SEASHELLS;4237;7
31700;;;KELP;SEASHELLS;2039;2
31700;;;SQUID_INK;SEASHELLS;1849;2
31800;;;VOLCANIC_ROCK;SEASHELLS;10140;2
31900;;;PICNIC_BASKET1;SEASHELLS;58304;1
31900;;;PICNIC_BASKET2;SEASHELLS;30069;1
32000;;;KELP;SEASHELLS;2038;1
32000;;;SQUID_INK;SEASHELLS;1849;1
32100;;;CROISSANTS;SEASHELLS;4236;5
32100;;;JAMS;SEASHELLS;6515;6
32100;;;VOLCANIC_ROCK;SEASHELLS;10137;5
32100;;;VOLCANIC_ROCK_VOUCHER_10000;SEASHELLS;160;14
32100;;;VOLCANIC_ROCK_VOUCHER_10000;SEASHELLS;160;1
32100;;;VOLCANIC_ROCK_VOUCHER_10250;SEASHELLS;28;14
32100;;;VOLCANIC_ROCK_VOUCHER_10250;SEASHELLS;28;1
32100;;;VOLCANIC_ROCK_VOUCHER_10500;SEASHELLS;2;14
32100;;;VOLCANIC_ROCK_VOUCHER_10500;SEASHELLS;2;1
32100;;;VOLCANIC_ROCK_VOUCHER_9500;SEASHELLS;637;14
32100;;;VOLCANIC_ROCK_VOUCHER_9500;SEASHELLS;637;1
32100;;;VOLCANIC_ROCK_VOUCHER_9750;SEASHELLS;389;14
32100;;;VOLCANIC_ROCK_VOUCHER_9750;SEASHELLS;389;1
32200;;;KELP;SEASHELLS;2037;3
32200;;;SQUID_INK;SEASHELLS;1847;3
32500;;;KELP;SEASHELLS;2040;1
32500;;;SQUID_INK;SEASHELLS;1849;1
32700;;;CROISSANTS;SEASHELLS;4236;5
32900;;;KELP;SEASHELLS;2041;15
32900;;;RAINFOREST_RESIN;SEASHELLS;9999;1
32900;;;SQUID_INK;SEASHELLS;1848;15
32900;;;VOLCANIC_ROCK;SEASHELLS;10138;3
33000;;;SQUID_INK;SEASHELLS;1844;4
33000;;;VOLCANIC_ROCK;SEASHELLS;10136;7
33100;;;JAMS;SEASHELLS;6515;10
33100;;;KELP;SEASHELLS;2038;1
33100;;;SQUID_INK;SEASHELLS;1844;1
33300;;;VOLCANIC_ROCK;SEASHELLS;10133;10
33400;;;KELP;SEASHELLS;2040;1
33400;;;SQUID_INK;SEASHELLS;1845;1
33500;;;DJEMBES;SEASHELLS;13294;2
33500;;;VOLCANIC_ROCK_VOUCHER_10000;SEASHELLS;154;6
33500;;;VOLCANIC_ROCK_VOUCHER_10250;SEASHELLS;27;6
33500;;;VOLCANIC_ROCK_VOUCHER_10500;SEASHELLS;2;6
33500;;;VOLCANIC_ROCK_VOUCHER_9500;SEASHELLS;634;6
33500;;;VOLCANIC_ROCK_VOUCHER_9750;SEASHELLS;386;6
33700;;;KELP;SEASHELLS;2040;1
33700;;;SQUID_INK;SEASHELLS;1843;1
33800;;;KELP;SEASHELLS;2041;2
33800;;;SQUID_INK;SEASHELLS;1844;2
33900;;;JAMS;SEASHELLS;6514;4
33900;;;VOLCANIC_ROCK;SEASHELLS;10132;10
33900;;;VOLCANIC_ROCK_VOUCHER_10000;SEASHELLS;156;11
33900;;;VOLCANIC_ROCK_VOUCHER_10000;SEASHELLS;156;2
33900;;;VOLCANIC_ROCK_VOUCHER_9500;SEASHELLS;634;11
33900;;;VOLCANIC_ROCK_VOUCHER_9500;SEASHELLS;634;2
33900;;;VOLCANIC_ROCK_VOUCHER_9750;SEASHELLS;385;11
33900;;;VOLCANIC_ROCK_VOUCHER_9750;SEASHELLS;385;2
34000;;;JAMS;SEASHELLS;6514;7
34000;;;KELP;SEASHELLS;2037;1
34000;;;SQUID_INK;SEASHELLS;1841;1
34100;;;JAMS;SEASHELLS;6514;6
34200;;;VOLCANIC_ROCK_VOUCHER_10000;SEASHELLS;155;12
34200;;;VOLCANIC_ROCK_VOUCHER_10000;SEASHELLS;155;2
34200;;;VOLCANIC_ROCK_VOUCHER_10250;SEASHELLS;27;12
34200;;;VOLCANIC_ROCK_VOUCHER_10250;SEASHELLS;27;2
34200;;;VOLCANIC_ROCK_VOUCHER_10500;SEASHELLS;2;12
34200;;;VOLCANIC_ROCK_VOUCHER_10500;SEASHELLS;2;2
34200;;;VOLCANIC_ROCK_VOUCHER_9500;SEASHELLS;632;12
34200;;;VOLCANIC_ROCK_VOUCHER_9500;SEASHELLS;632;2
34200;;;VOLCANIC_ROCK_VOUCHER_9750;SEASHELLS;383;12
34200;;;VOLCANIC_ROCK_VOUCHER_9750;SEASHELLS;383;2
34300;;;JAMS;SEASHELLS;6514;9
34300;;;KELP;SEASHELLS;2038;1
34300;;;SQUID_INK;SEASHELLS;1839;1
34500;;;DJEMBES;SEASHELLS;13291;4
34600;;;CROISSANTS;SEASHELLS;4235;8
34700;;;KELP;SEASHELLS;2037;1
34700;;;SQUID_INK;SEASHELLS;1837;1
34800;;;RAINFOREST_RESIN;SEASHELLS;9992;2
34900;;;JAMS;SEASHELLS;6513;5
34900;;;MAGNIFICENT_MACARONS;SEASHELLS;618;5
34900;;;MAGNIFICENT_MACARONS;SEASHELLS;618;1
35100;;;DJEMBES;SEASHELLS;13292;4
35200;;;CROISSANTS;SEASHELLS;4235;5
35200;;;JAMS;SEASHELLS;6514;8
35500;;;CROISSANTS;SEASHELLS;4237;7
35600;;;DJEMBES;SEASHELLS;13291;3
35600;;;JAMS;SEASHELLS;6516;8
35600;;;KELP;SEASHELLS;2036;1
35600;;;KELP;SEASHELLS;2040;2
35600;;;SQUID_INK;SEASHELLS;1838;1
35600;;;SQUID_INK;SEASHELLS;1841;2
35700;;;CROISSANTS;SEASHELLS;4237;6
35700;;;VOLCANIC_ROCK_VOUCHER_10000;SEASHELLS;156;13
35700;;;VOLCANIC_ROCK_VOUCHER_9500;SEASHELLS;631;13
35700;;;VOLCANIC_ROCK_VOUCHER_9750;SEASHELLS;383;13
35800;;;RAINFOREST_RESIN;SEASHELLS;9998;5
35900;;;DJEMBES;SEASHELLS;13290;3
36000;;;RAINFOREST_RESIN;SEASHELLS;10008;8
36400;;;PICNIC_BASKET1;SEASHELLS;58287;8
36400;;;PICNIC_BASKET2;SEASHELLS;30058;8
36400;;;RAINFOREST_RESIN;SEASHELLS;10001;1
36500;;;VOLCANIC_ROCK_VOUCHER_10000;SEASHELLS;149;11
36500;;;VOLCANIC_ROCK_VOUCHER_10000;SEASHELLS;149;1
36500;;;VOLCANIC_ROCK_VOUCHER_10250;SEASHELLS;25;11
36500;;;VOLCANIC_ROCK_VOUCHER_10250;SEASHELLS;25;1
36500;;;VOLCANIC_ROCK_VOUCHER_10500;SEASHELLS;2;11
36500;;;VOLCANIC_ROCK_VOUCHER_10500;SEASHELLS;2;1
36500;;;VOLCANIC_ROCK_VOUCHER_9750;SEASHELLS;378;11
36500;;;VOLCANIC_ROCK_VOUCHER_9750;SEASHELLS;378;1
36600;;;KELP;SEASHELLS;2036;1
36600;;;SQUID_INK;SEASHELLS;1837;1
36800;;;RAINFOREST_RESIN;SEASHELLS;9992;2
36900;;;VOLCANIC_ROCK;SEASHELLS;10131;8
37000;;;RAINFOREST_RESIN;SEASHELLS;10008;2
37000;;;RAINFOREST_RESIN;SEASHELLS;10001;1
37100;;;CROISSANTS;SEASHELLS;4236;8
37100;;;DJEMBES;SEASHELLS;13291;11
37100;;;KELP;SEASHELLS;2036;1
37100;;;PICNIC_BASKET1;SEASHELLS;58272;1
37100;;;PICNIC_BASKET2;SEASHELLS;30061;5
37100;;;SQUID_INK;SEASHELLS;1836;1
37300;;;KELP;SEASHELLS;2038;4
37300;;;PICNIC_BASKET2;SEASHELLS;30064;1
37400;;;DJEMBES;SEASHELLS;13292;2
37500;;;CROISSANTS;SEASHELLS;4236;6
37500;;;VOLCANIC_ROCK;SEASHELLS;10126;8
37600;;;KELP;SEASHELLS;2036;2
37600;;;SQUID_INK;SEASHELLS;1837;2
37800;;;KELP;SEASHELLS;2036;1
37800;;;SQUID_INK;SEASHELLS;1836;1
37800;;;VOLCANIC_ROCK;SEASHELLS;10130;7
38000;;;KELP;SEASHELLS;2037;1
38000;;;SQUID_INK;SEASHELLS;1835;1
38000;;;SQUID_INK;SEASHELLS;1836;6
38100;;;DJEMBES;SEASHELLS;13291;2
38100;;;KELP;SEASHELLS;2037;2
38100;;;SQUID_INK;SEASHELLS;1835;2
38300;;;RAINFOREST_RESIN;SEASHELLS;9997;3
38300;;;RAINFOREST_RESIN;SEASHELLS;9997;3
38500;;;KELP;SEASHELLS;2039;2
38500;;;PICNIC_BASKET1;SEASHELLS;58300;1
38500;;;PICNIC_BASKET1;SEASHELLS;58299;7
38500;;;PICNIC_BASKET2;SEASHELLS;30076;1
38500;;;PICNIC_BASKET2;SEASHELLS;30075;7
38500;;;VOLCANIC_ROCK;SEASHELLS;10139;5
38700;;;DJEMBES;SEASHELLS;13292;4
38700;;;KELP;SEASHELLS;2038;1
38700;;;KELP;SEASHELLS;2038;9
38700;;;SQUID_INK;SEASHELLS;1837;10
38800;;;RAINFOREST_RESIN;SEASHELLS;9998;5
39000;;;JAMS;SEASHELLS;6513;5
39000;;;KELP;SEASHELLS;2038;2
39000;;;SQUID_INK;SEASHELLS;1837;2
39100;;;KELP;SEASHELLS;2039;2
39100;;;SQUID_INK;SEASHELLS;1839;2
39200;;;PICNIC_BASKET1;SEASHELLS;58294;1
39200;;;PICNIC_BASKET2;SEASHELLS;30072;4
39600;;;DJEMBES;SEASHELLS;13290;2
39600;;;KELP;SEASHELLS;2038;1
39600;;;SQUID_INK;SEASHELLS;1838;1
39700;;;KELP;SEASHELLS;2040;1
39700;;;SQUID_INK;SEASHELLS;1841;1
39700;;;VOLCANIC_ROCK_VOUCHER_10000;SEASHELLS;154;18
39700;;;VOLCANIC_ROCK_VOUCHER_10250;SEASHELLS;27;18
39700;;;VOLCANIC_ROCK_VOUCHER_10500;SEASHELLS;2;18
39700;;;VOLCANIC_ROCK_VOUCHER_9500;SEASHELLS;633;18
39700;;;VOLCANIC_ROCK_VOUCHER_9750;SEASHELLS;385;18
39800;;;VOLCANIC_ROCK;SEASHELLS;10133;9
39900;;;JAMS;SEASHELLS;6515;8
40000;;;DJEMBES;SEASHELLS;13289;4
40300;;;DJEMBES;SEASHELLS;13288;4
40300;;;KELP;SEASHELLS;2037;5
40300;;;KELP;SEASHELLS;2038;1
40300;;;PICNIC_BASKET1;SEASHELLS;58287;2
40300;;;PICNIC_BASKET1;SEASHELLS;58286;1
40300;;;PICNIC_BASKET2;SEASHELLS;30072;3
40300;;;SQUID_INK;SEASHELLS;1839;5
40300;;;SQUID_INK;SEASHELLS;1840;1
40400;;;PICNIC_BASKET1;SEASHELLS;58301;2
40400;;;PICNIC_BASKET2;SEASHELLS;30078;2
40500;;;RAINFOREST_RESIN;SEASHELLS;9992;1
40600;;;DJEMBES;SEASHELLS;13286;5
40700;;;KELP;SEASHELLS;2039;1
40700;;;SQUID_INK;SEASHELLS;1841;1
40800;;;JAMS;SEASHELLS;6513;4
40800;;;VOLCANIC_ROCK_VOUCHER_10000;SEASHELLS;152;10
40800;;;VOLCANIC_ROCK_VOUCHER_10250;SEASHELLS;26;10
40800;;;VOLCANIC_ROCK_VOUCHER_10500;SEASHELLS;2;10
40800;;;VOLCANIC_ROCK_VOUCHER_9500;SEASHELLS;630;10
40800;;;VOLCANIC_ROCK_VOUCHER_9750;SEASHELLS;382;10
40900;;;KELP;SEASHELLS;2040;6
40900;;;SQUID_INK;SEASHELLS;1842;6
41000;;;RAINFOREST_RESIN;SEASHELLS;9992;2
41300;;;DJEMBES;SEASHELLS;13286;4
41300;;;JAMS;SEASHELLS;6514;5
41300;;;VOLCANIC_ROCK_VOUCHER_10000;SEASHELLS;152;10
41300;;;VOLCANIC_ROCK_VOUCHER_9500;SEASHELLS;628;10
41300;;;VOLCANIC_ROCK_VOUCHER_9750;SEASHELLS;380;10
41400;;;KELP;SEASHELLS;2036;1
41400;;;RAINFOREST_RESIN;SEASHELLS;9992;2
41400;;;SQUID_INK;SEASHELLS;1841;1
41500;;;RAINFOREST_RESIN;SEASHELLS;10008;6
41600;;;CROISSANTS;SEASHELLS;4238;5
41900;;;PICNIC_BASKET1;SEASHELLS;58318;3
41900;;;PICNIC_BASKET2;SEASHELLS;30076;3
42200;;;JAMS;SEASHELLS;6514;7
42300;;;CROISSANTS;SEASHELLS;4238;7
42400;;;KELP;SEASHELLS;2036;9
42400;;;SQUID_INK;SEASHELLS;1842;9
42500;;;KELP;SEASHELLS;2038;3
42600;;;KELP;SEASHELLS;2038;1
42600;;;SQUID_INK;SEASHELLS;1843;1
42700;;;JAMS;SEASHELLS;6516;4
42700;;;PICNIC_BASKET1;SEASHELLS;58307;2
43000;;;KELP;SEASHELLS;2038;2
43000;;;SQUID_INK;SEASHELLS;1843;2
43100;;;KELP;SEASHELLS;2037;1
43100;;;SQUID_INK;SEASHELLS;1841;1
43400;;;JAMS;SEASHELLS;6515;5
43500;;;JAMS;SEASHELLS;6515;4
43600;;;CROISSANTS;SEASHELLS;4237;8
43600;;;MAGNIFICENT_MACARONS;SEASHELLS;595;4
43700;;;KELP;SEASHELLS;2037;3
43700;;;KELP;SEASHELLS;2040;2
43700;;;SQUID_INK;SEASHELLS;1843;2
43700;;;SQUID_INK;SEASHELLS;1843;1
43800;;;PICNIC_BASKET1;SEASHELLS;58293;7
43800;;;PICNIC_BASKET2;SEASHELLS;30078;7
44000;;;RAINFOREST_RESIN;SEASHELLS;9992;2
44000;;;RAINFOREST_RESIN;SEASHELLS;9998;4
44100;;;DJEMBES;SEASHELLS;13292;4
44100;;;JAMS;SEASHELLS;6515;6
44400;;;RAINFOREST_RESIN;SEASHELLS;10008;4
44600;;;DJEMBES;SEASHELLS;13292;3
44700;;;DJEMBES;SEASHELLS;13292;1
44700;;;JAMS;SEASHELLS;6515;11
44700;;;KELP;SEASHELLS;2036;1
44700;;;SQUID_INK;SEASHELLS;1843;1
44800;;;PICNIC_BASKET1;SEASHELLS;58277;2
44800;;;PICNIC_BASKET2;SEASHELLS;30068;2
44900;;;DJEMBES;SEASHELLS;13293;1
44900;;;VOLCANIC_ROCK_VOUCHER_10000;SEASHELLS;166;17
44900;;;VOLCANIC_ROCK_VOUCHER_10250;SEASHELLS;30;17
44900;;;VOLCANIC_ROCK_VOUCHER_10500;SEASHELLS;2;17
44900;;;VOLCANIC_ROCK_VOUCHER_9500;SEASHELLS;646;17
45100;;;KELP;SEASHELLS;2039;15
45100;;;SQUID_INK;SEASHELLS;1847;15
45300;;;VOLCANIC_ROCK_VOUCHER_9500;SEASHELLS;639;6
45400;;;VOLCANIC_ROCK_VOUCHER_10000;SEASHELLS;160;16
45400;;;VOLCANIC_ROCK_VOUCHER_10250;SEASHELLS;28;16
45400;;;VOLCANIC_ROCK_VOUCHER_10500;SEASHELLS;2;16
45400;;;VOLCANIC_ROCK_VOUCHER_9500;SEASHELLS;637;16
45400;;;VOLCANIC_ROCK_VOUCHER_9750;SEASHELLS;389;16
45500;;;DJEMBES;SEASHELLS;13291;1
45600;;;KELP;SEASHELLS;2036;1
45600;;;SQUID_INK;SEASHELLS;1844;1
45700;;;VOLCANIC_ROCK_VOUCHER_10000;SEASHELLS;154;14
45700;;;VOLCANIC_ROCK_VOUCHER_9500;SEASHELLS;631;14
45700;;;VOLCANIC_ROCK_VOUCHER_9750;SEASHELLS;383;14
46100;;;KELP;SEASHELLS;2039;9
46100;;;SQUID_INK;SEASHELLS;1849;9
46500;;;JAMS;SEASHELLS;6515;9
46600;;;CROISSANTS;SEASHELLS;4236;7
46600;;;JAMS;SEASHELLS;6515;9
46600;;;RAINFOREST_RESIN;SEASHELLS;10008;2
46700;;;CROISSANTS;SEASHELLS;4236;6
46900;;;JAMS;SEASHELLS;6516;5
47000;;;DJEMBES;SEASHELLS;13289;4
47000;;;RAINFOREST_RESIN;SEASHELLS;9992;8
47100;;;DJEMBES;SEASHELLS;13290;4
47100;;;KELP;SEASHELLS;2036;1
47100;;;SQUID_INK;SEASHELLS;1845;1
47200;;;DJEMBES;SEASHELLS;13288;7
47200;;;RAINFOREST_RESIN;SEASHELLS;9998;5
47300;;;VOLCANIC_ROCK_VOUCHER_10000;SEASHELLS;161;10
47300;;;VOLCANIC_ROCK_VOUCHER_10250;SEASHELLS;28;10
47300;;;VOLCANIC_ROCK_VOUCHER_10500;SEASHELLS;2;10
47300;;;VOLCANIC_ROCK_VOUCHER_9500;SEASHELLS;640;10
47300;;;VOLCANIC_ROCK_VOUCHER_9750;SEASHELLS;392;10
47500;;;PICNIC_BASKET1;SEASHELLS;58299;5
47500;;;PICNIC_BASKET2;SEASHELLS;30056;5
47700;;;MAGNIFICENT_MACARONS;SEASHELLS;589;6
47900;;;KELP;SEASHELLS;2036;1
47900;;;KELP;SEASHELLS;2039;9
47900;;;SQUID_INK;SEASHELLS;1847;1
47900;;;SQUID_INK;SEASHELLS;1850;9
47900;;;VOLCANIC_ROCK;SEASHELLS;10138;6
48000;;;JAMS;SEASHELLS;6518;7
48200;;;RAINFOREST_RESIN;SEASHELLS;10008;4
48700;;;DJEMBES;SEASHELLS;13296;1
48800;;;DJEMBES;SEASHELLS;13296;5
49000;;;CROISSANTS;SEASHELLS;4237;8
49100;;;CROISSANTS;SEASHELLS;4236;7
49100;;;SQUID_INK;SEASHELLS;1845;1
49200;;;KELP;SEASHELLS;2038;1
49400;;;KELP;SEASHELLS;2039;10
49400;;;SQUID_INK;SEASHELLS;1847;10
49400;;;VOLCANIC_ROCK_VOUCHER_10000;SEASHELLS;171;10
49400;;;VOLCANIC_ROCK_VOUCHER_10250;SEASHELLS;31;10
49400;;;VOLCANIC_ROCK_VOUCHER_10500;SEASHELLS;3;10
49400;;;VOLCANIC_ROCK_VOUCHER_9500;SEASHELLS;652;10
49400;;;VOLCANIC_ROCK_VOUCHER_9750;SEASHELLS;403;10
49800;;;CROISSANTS;SEASHELLS;4237;7
49800;;;PICNIC_BASKET1;SEASHELLS;58320;1
49800;;;PICNIC_BASKET2;SEASHELLS;30050;1
49800;;;VOLCANIC_ROCK_VOUCHER_10000;SEASHELLS;172;14
49800;;;VOLCANIC_ROCK_VOUCHER_10250;SEASHELLS;32;14
49800;;;VOLCANIC_ROCK_VOUCHER_10500;SEASHELLS;3;14
49800;;;VOLCANIC_ROCK_VOUCHER_9500;SEASHELLS;653;14
49800;;;VOLCANIC_ROCK_VOUCHER_9750;SEASHELLS;405;14
49900;;;VOLCANIC_ROCK_VOUCHER_10000;SEASHELLS;173;10
49900;;;VOLCANIC_ROCK_VOUCHER_9500;SEASHELLS;656;10
49900;;;VOLCANIC_ROCK_VOUCHER_9750;SEASHELLS;407;10
50000;;;RAINFOREST_RESIN;SEASHELLS;10008;2
50100;;;CROISSANTS;SEASHELLS;4236;9
50400;;;DJEMBES;SEASHELLS;13295;2
50400;;;KELP;SEASHELLS;2036;1
50400;;;MAGNIFICENT_MACARONS;SEASHELLS;583;3
50400;;;RAINFOREST_RESIN;SEASHELLS;9992;10
50400;;;SQUID_INK;SEASHELLS;1845;1
50400;;;SQUID_INK;SEASHELLS;1848;12
50500;;;KELP;SEASHELLS;2036;14
50500;;;SQUID_INK;SEASHELLS;1845;14
50700;;;RAINFOREST_RESIN;SEASHELLS;9992;4
50700;;;VOLCANIC_ROCK;SEASHELLS;10151;5
50800;;;DJEMBES;SEASHELLS;13293;3
50900;;;VOLCANIC_ROCK_VOUCHER_10000;SEASHELLS;165;17
50900;;;VOLCANIC_ROCK_VOUCHER_9500;SEASHELLS;647;17
50900;;;VOLCANIC_ROCK_VOUCHER_9750;SEASHELLS;398;17
51000;;;CROISSANTS;SEASHELLS;4237;5
51000;;;KELP;SEASHELLS;2040;11
51000;;;SQUID_INK;SEASHELLS;1848;11
51000;;;VOLCANIC_ROCK_VOUCHER_10000;SEASHELLS;165;13
51000;;;VOLCANIC_ROCK_VOUCHER_10250;SEASHELLS;30;13
51000;;;VOLCANIC_ROCK_VOUCHER_10500;SEASHELLS;2;13
51000;;;VOLCANIC_ROCK_VOUCHER_9500;SEASHELLS;648;13
51000;;;VOLCANIC_ROCK_VOUCHER_9750;SEASHELLS;399;13
51200;;;CROISSANTS;SEASHELLS;4235;5
51300;;;PICNIC_BASKET1;SEASHELLS;58326;1
51300;;;PICNIC_BASKET2;SEASHELLS;30060;1
51500;;;KELP;SEASHELLS;2036;5
51500;;;SQUID_INK;SEASHELLS;1845;5
51500;;;VOLCANIC_ROCK;SEASHELLS;10147;8
51600;;;RAINFOREST_RESIN;SEASHELLS;9992;5
51600;;;VOLCANIC_ROCK;SEASHELLS;10149;7
51600;;;VOLCANIC_ROCK_VOUCHER_10000;SEASHELLS;172;16
51600;;;VOLCANIC_ROCK_VOUCHER_10250;SEASHELLS;31;16
51600;;;VOLCANIC_ROCK_VOUCHER_10500;SEASHELLS;2;16
51600;;;VOLCANIC_ROCK_VOUCHER_9500;SEASHELLS;649;16
51600;;;VOLCANIC_ROCK_VOUCHER_9750;SEASHELLS;401;16
51800;;;VOLCANIC_ROCK;SEASHELLS;10151;8
51900;;;KELP;SEASHELLS;2038;1
51900;;;VOLCANIC_ROCK;SEASHELLS;10151;6
52000;;;CROISSANTS;SEASHELLS;4238;5
52000;;;KELP;SEASHELLS;2037;4
52000;;;SQUID_INK;SEASHELLS;1845;4
52100;;;KELP;SEASHELLS;2038;1
52100;;;SQUID_INK;SEASHELLS;1847;1
52300;;;DJEMBES;SEASHELLS;13294;2
52600;;;SQUID_INK;SEASHELLS;1845;5
52900;;;PICNIC_BASKET1;SEASHELLS;58329;2
52900;;;PICNIC_BASKET2;SEASHELLS;30067;2
53100;;;KELP;SEASHELLS;2037;1
53100;;;SQUID_INK;SEASHELLS;1845;1
53100;;;VOLCANIC_ROCK;SEASHELLS;10154;3
53300;;;CROISSANTS;SEASHELLS;4235;5
53300;;;JAMS;SEASHELLS;6524;6
53800;;;PICNIC_BASKET2;SEASHELLS;30062;2
53900;;;DJEMBES;SEASHELLS;13297;1
53900;;;VOLCANIC_ROCK;SEASHELLS;10160;9
54000;;;DJEMBES;SEASHELLS;13296;5
54100;;;KELP;SEASHELLS;2039;11
54100;;;SQUID_INK;SEASHELLS;1849;11
54200;;;KELP;SEASHELLS;2036;1
54200;;;SQUID_INK;SEASHELLS;1846;1
54300;;;KELP;SEASHELLS;2036;7
54300;;;SQUID_INK;SEASHELLS;1846;7
54400;;;PICNIC_BASKET1;SEASHELLS;58303;1
54400;;;PICNIC_BASKET2;SEASHELLS;30072;1
54500;;;DJEMBES;SEASHELLS;13295;1
54900;;;KELP;SEASHELLS;2036;2
54900;;;SQUID_INK;SEASHELLS;1847;2
55100;;;DJEMBES;SEASHELLS;13295;3
55300;;;KELP;SEASHELLS;2036;1
55300;;;SQUID_INK;SEASHELLS;1847;1
55400;;;DJEMBES;SEASHELLS;13290;7
55400;;;KELP;SEASHELLS;2036;1
55400;;;KELP;SEASHELLS;2037;6
55400;;;SQUID_INK;SEASHELLS;1848;1
55400;;;SQUID_INK;SEASHELLS;1849;6
55400;;;VOLCANIC_ROCK_VOUCHER_10000;SEASHELLS;173;15
55400;;;VOLCANIC_ROCK_VOUCHER_10250;SEASHELLS;32;15
55400;;;VOLCANIC_ROCK_VOUCHER_10500;SEASHELLS;3;15
55400;;;VOLCANIC_ROCK_VOUCHER_9500;SEASHELLS;655;15
55400;;;VOLCANIC_ROCK_VOUCHER_9750;SEASHELLS;406;15
55500;;;JAMS;SEASHELLS;6521;5
55500;;;KELP;SEASHELLS;2036;14
55500;;;SQUID_INK;SEASHELLS;1848;14
55500;;;VOLCANIC_ROCK_VOUCHER_10000;SEASHELLS;175;14
55500;;;VOLCANIC_ROCK_VOUCHER_10250;SEASHELLS;32;14
55500;;;VOLCANIC_ROCK_VOUCHER_10500;SEASHELLS;3;14
55500;;;VOLCANIC_ROCK_VOUCHER_9500;SEASHELLS;656;14
55500;;;VOLCANIC_ROCK_VOUCHER_9750;SEASHELLS;407;14
55800;;;RAINFOREST_RESIN;SEASHELLS;9997;3
55800;;;RAINFOREST_RESIN;SEASHELLS;9997;3
55900;;;KELP;SEASHELLS;2037;6
55900;;;KELP;SEASHELLS;2037;1
55900;;;SQUID_INK;SEASHELLS;1850;6
55900;;;SQUID_INK;SEASHELLS;1850;1
55900;;;SQUID_INK;SEASHELLS;1851;3
55900;;;VOLCANIC_ROCK;SEASHELLS;10144;10
56000;;;VOLCANIC_ROCK_VOUCHER_10000;SEASHELLS;168;10
56000;;;VOLCANIC_ROCK_VOUCHER_10250;SEASHELLS;30;10
56000;;;VOLCANIC_ROCK_VOUCHER_9500;SEASHELLS;647;10
56000;;;VOLCANIC_ROCK_VOUCHER_9750;SEASHELLS;399;10
56300;;;DJEMBES;SEASHELLS;13288;3
56400;;;KELP;SEASHELLS;2036;1
56400;;;SQUID_INK;SEASHELLS;1851;1
56700;;;DJEMBES;SEASHELLS;13289;2
56700;;;JAMS;SEASHELLS;6520;9
56800;;;KELP;SEASHELLS;2039;9
56800;;;SQUID_INK;SEASHELLS;1854;9
56900;;;VOLCANIC_ROCK;SEASHELLS;10144;6
57100;;;KELP;SEASHELLS;2039;9
57100;;;SQUID_INK;SEASHELLS;1855;9
57200;;;DJEMBES;SEASHELLS;13288;1
57200;;;RAINFOREST_RESIN;SEASHELLS;9992;1
57300;;;DJEMBES;SEASHELLS;13286;4
57800;;;JAMS;SEASHELLS;6523;4
57900;;;DJEMBES;SEASHELLS;13285;3
58100;;;KELP;SEASHELLS;2036;1
58100;;;SQUID_INK;SEASHELLS;1857;1
58200;;;KELP;SEASHELLS;2039;9
58200;;;SQUID_INK;SEASHELLS;1860;9
58400;;;JAMS;SEASHELLS;6526;9
58400;;;KELP;SEASHELLS;2039;1
58400;;;SQUID_INK;SEASHELLS;1860;1
58500;;;RAINFOREST_RESIN;SEASHELLS;10008;5
58600;;;KELP;SEASHELLS;2036;1
58600;;;SQUID_INK;SEASHELLS;1857;1
58600;;;VOLCANIC_ROCK;SEASHELLS;10144;9
58800;;;JAMS;SEASHELLS;6524;5
58900;;;KELP;SEASHELLS;2036;1
58900;;;SQUID_INK;SEASHELLS;1857;1
58900;;;VOLCANIC_ROCK_VOUCHER_10000;SEASHELLS;164;15
58900;;;VOLCANIC_ROCK_VOUCHER_10000;SEASHELLS;164;2
58900;;;VOLCANIC_ROCK_VOUCHER_10250;SEASHELLS;29;15
58900;;;VOLCANIC_ROCK_VOUCHER_10250;SEASHELLS;29;2
58900;;;VOLCANIC_ROCK_VOUCHER_10500;SEASHELLS;2;15
58900;;;VOLCANIC_ROCK_VOUCHER_10500;SEASHELLS;2;2
58900;;;VOLCANIC_ROCK_VOUCHER_9500;SEASHELLS;644;15
58900;;;VOLCANIC_ROCK_VOUCHER_9500;SEASHELLS;644;2
58900;;;VOLCANIC_ROCK_VOUCHER_9750;SEASHELLS;395;15
58900;;;VOLCANIC_ROCK_VOUCHER_9750;SEASHELLS;395;2
59100;;;VOLCANIC_ROCK;SEASHELLS;10145;8
59300;;;KELP;SEASHELLS;2036;2
59300;;;SQUID_INK;SEASHELLS;1854;2
59500;;;KELP;SEASHELLS;2036;1
59500;;;SQUID_INK;SEASHELLS;1854;1
59500;;;VOLCANIC_ROCK_VOUCHER_10000;SEASHELLS;164;13
59500;;;VOLCANIC_ROCK_VOUCHER_10250;SEASHELLS;29;13
59500;;;VOLCANIC_ROCK_VOUCHER_10500;SEASHELLS;2;13
59500;;;VOLCANIC_ROCK_VOUCHER_9500;SEASHELLS;645;13
59500;;;VOLCANIC_ROCK_VOUCHER_9750;SEASHELLS;396;13
59600;;;CROISSANTS;SEASHELLS;4233;8
59700;;;KELP;SEASHELLS;2036;1
59700;;;KELP;SEASHELLS;2036;1
59700;;;SQUID_INK;SEASHELLS;1853;1
59700;;;SQUID_INK;SEASHELLS;1853;1
59800;;;RAINFOREST_RESIN;SEASHELLS;10008;4
59900;;;DJEMBES;SEASHELLS;13282;3
60000;;;CROISSANTS;SEASHELLS;4232;5
60000;;;RAINFOREST_RESIN;SEASHELLS;10008;9
60300;;;KELP;SEASHELLS;2036;1
60300;;;SQUID_INK;SEASHELLS;1855;1
60400;;;DJEMBES;SEASHELLS;13285;2
60400;;;JAMS;SEASHELLS;6524;6
60400;;;KELP;SEASHELLS;2038;1
60400;;;SQUID_INK;SEASHELLS;1857;1
60600;;;CROISSANTS;SEASHELLS;4232;6
60600;;;KELP;SEASHELLS;2039;1
60600;;;SQUID_INK;SEASHELLS;1858;1
60700;;;KELP;SEASHELLS;2036;2
60700;;;SQUID_INK;SEASHELLS;1854;2
60800;;;DJEMBES;SEASHELLS;13284;1
61000;;;JAMS;SEASHELLS;6522;10
61000;;;RAINFOREST_RESIN;SEASHELLS;9999;1
61100;;;CROISSANTS;SEASHELLS;4231;5
61100;;;CROISSANTS;SEASHELLS;4231;7
61100;;;KELP;SEASHELLS;2036;1
61100;;;RAINFOREST_RESIN;SEASHELLS;9992;2
61100;;;SQUID_INK;SEASHELLS;1854;1
61200;;;KELP;SEASHELLS;2038;1
61200;;;KELP;SEASHELLS;2037;1
61200;;;KELP;SEASHELLS;2037;8
61200;;;SQUID_INK;SEASHELLS;1855;1
61200;;;SQUID_INK;SEASHELLS;1854;1
61200;;;SQUID_INK;SEASHELLS;1854;8
61300;;;JAMS;SEASHELLS;6522;10
61400;;;DJEMBES;SEASHELLS;13289;4
61600;;;KELP;SEASHELLS;2039;1
61600;;;SQUID_INK;SEASHELLS;1856;1
61700;;;PICNIC_BASKET1;SEASHELLS;58248;1
61700;;;PICNIC_BASKET2;SEASHELLS;30060;1
61700;;;RAINFOREST_RESIN;SEASHELLS;10003;6
61900;;;JAMS;SEASHELLS;6522;10
61900;;;JAMS;SEASHELLS;6522;4
61900;;;KELP;SEASHELLS;2040;2
61900;;;SQUID_INK;SEASHELLS;1857;2
62000;;;JAMS;SEASHELLS;6524;9
62100;;;KELP;SEASHELLS;2036;1
62100;;;SQUID_INK;SEASHELLS;1854;1
62200;;;JAMS;SEASHELLS;6524;10
62200;;;KELP;SEASHELLS;2036;2
62200;;;SQUID_INK;SEASHELLS;1854;2
62200;;;VOLCANIC_ROCK_VOUCHER_10000;SEASHELLS;177;5
62200;;;VOLCANIC_ROCK_VOUCHER_10250;SEASHELLS;34;5
62200;;;VOLCANIC_ROCK_VOUCHER_10500;SEASHELLS;3;5
62200;;;VOLCANIC_ROCK_VOUCHER_9500;SEASHELLS;662;5
62200;;;VOLCANIC_ROCK_VOUCHER_9750;SEASHELLS;413;5
62300;;;KELP;SEASHELLS;2037;1
62300;;;SQUID_INK;SEASHELLS;1854;1
62400;;;CROISSANTS;SEASHELLS;4231;6
62500;;;CROISSANTS;SEASHELLS;4232;8
62500;;;JAMS;SEASHELLS;6523;10
62500;;;KELP;SEASHELLS;2037;2
62500;;;SQUID_INK;SEASHELLS;1853;2
62700;;;CROISSANTS;SEASHELLS;4231;4
62700;;;DJEMBES;SEASHELLS;13288;1
62700;;;KELP;SEASHELLS;2038;1
62700;;;SQUID_INK;SEASHELLS;1854;1
62800;;;CROISSANTS;SEASHELLS;4232;7
63000;;;VOLCANIC_ROCK_VOUCHER_10000;SEASHELLS;171;19
63000;;;VOLCANIC_ROCK_VOUCHER_10250;SEASHELLS;32;19
63000;;;VOLCANIC_ROCK_VOUCHER_10500;SEASHELLS;3;19
63000;;;VOLCANIC_ROCK_VOUCHER_9500;SEASHELLS;654;19
63000;;;VOLCANIC_ROCK_VOUCHER_9750;SEASHELLS;405;19
63100;;;VOLCANIC_ROCK_VOUCHER_10000;SEASHELLS;175;14
63100;;;VOLCANIC_ROCK_VOUCHER_9500;SEASHELLS;659;14
63100;;;VOLCANIC_ROCK_VOUCHER_9750;SEASHELLS;410;14
63400;;;VOLCANIC_ROCK;SEASHELLS;10157;6
63500;;;CROISSANTS;SEASHELLS;4232;5
63500;;;KELP;SEASHELLS;2037;1
63500;;;KELP;SEASHELLS;2038;2
63500;;;SQUID_INK;SEASHELLS;1856;1
63500;;;SQUID_INK;SEASHELLS;1857;2
63600;;;DJEMBES;SEASHELLS;13286;2
63600;;;KELP;SEASHELLS;2037;7
63600;;;KELP;SEASHELLS;2037;1
63600;;;SQUID_INK;SEASHELLS;1854;7
63600;;;SQUID_INK;SEASHELLS;1854;1
63700;;;KELP;SEASHELLS;2039;1
63700;;;RAINFOREST_RESIN;SEASHELLS;10003;9
63700;;;SQUID_INK;SEASHELLS;1856;1
63800;;;JAMS;SEASHELLS;6520;6
63800;;;KELP;SEASHELLS;2040;1
63800;;;RAINFOREST_RESIN;SEASHELLS;9992;4
63800;;;RAINFOREST_RESIN;SEASHELLS;9998;5
63800;;;SQUID_INK;SEASHELLS;1856;1
63900;;;KELP;SEASHELLS;2037;1
63900;;;KELP;SEASHELLS;2038;4
63900;;;SQUID_INK;SEASHELLS;1854;1
64500;;;JAMS;SEASHELLS;6519;4
64500;;;VOLCANIC_ROCK_VOUCHER_10000;SEASHELLS;176;13
64500;;;VOLCANIC_ROCK_VOUCHER_9500;SEASHELLS;656;13
64500;;;VOLCANIC_ROCK_VOUCHER_9750;SEASHELLS;407;13
64600;;;CROISSANTS;SEASHELLS;4232;6
64600;;;KELP;SEASHELLS;2041;4
64600;;;SQUID_INK;SEASHELLS;1853;4
64700;;;CROISSANTS;SEASHELLS;4231;8
64800;;;DJEMBES;SEASHELLS;13291;1
64800;;;JAMS;SEASHELLS;6519;8
64800;;;KELP;SEASHELLS;2040;4
64800;;;RAINFOREST_RESIN;SEASHELLS;10008;10
65000;;;KELP;SEASHELLS;2042;1
65000;;;KELP;SEASHELLS;2041;2
65000;;;SQUID_INK;SEASHELLS;1853;2
65000;;;SQUID_INK;SEASHELLS;1853;1
65000;;;SQUID_INK;SEASHELLS;1853;0
65000;;;VOLCANIC_ROCK_VOUCHER_10000;SEASHELLS;182;17
65000;;;VOLCANIC_ROCK_VOUCHER_10250;SEASHELLS;34;17
65000;;;VOLCANIC_ROCK_VOUCHER_10500;SEASHELLS;3;17
65000;;;VOLCANIC_ROCK_VOUCHER_9500;SEASHELLS;662;17
65000;;;VOLCANIC_ROCK_VOUCHER_9750;SEASHELLS;413;17
65100;;;KELP;SEASHELLS;2042;1
65100;;;SQUID_INK;SEASHELLS;1854;1
65200;;;VOLCANIC_ROCK_VOUCHER_10000;SEASHELLS;178;14
65200;;;VOLCANIC_ROCK_VOUCHER_10250;SEASHELLS;33;14
65200;;;VOLCANIC_ROCK_VOUCHER_10500;SEASHELLS;3;14
65200;;;VOLCANIC_ROCK_VOUCHER_9500;SEASHELLS;659;14
65200;;;VOLCANIC_ROCK_VOUCHER_9750;SEASHELLS;410;14
65300;;;DJEMBES;SEASHELLS;13288;4
65400;;;DJEMBES;SEASHELLS;13288;7
65400;;;KELP;SEASHELLS;2040;1
65400;;;KELP;SEASHELLS;2042;8
65400;;;KELP;SEASHELLS;2042;3
65400;;;SQUID_INK;SEASHELLS;1852;1
65400;;;SQUID_INK;SEASHELLS;1853;8
66000;;;KELP;SEASHELLS;2043;2
66000;;;SQUID_INK;SEASHELLS;1853;2
66100;;;PICNIC_BASKET1;SEASHELLS;58229;10
66100;;;PICNIC_BASKET2;SEASHELLS;30064;10
66100;;;RAINFOREST_RESIN;SEASHELLS;9999;1
66100;;;VOLCANIC_ROCK;SEASHELLS;10154;7
66500;;;CROISSANTS;SEASHELLS;4233;4
66600;;;JAMS;SEASHELLS;6520;4
66600;;;RAINFOREST_RESIN;SEASHELLS;10008;2
66700;;;DJEMBES;SEASHELLS;13290;3
66700;;;KELP;SEASHELLS;2041;1
66700;;;RAINFOREST_RESIN;SEASHELLS;9998;1
66700;;;RAINFOREST_RESIN;SEASHELLS;9998;2
66700;;;SQUID_INK;SEASHELLS;1849;1
67000;;;VOLCANIC_ROCK;SEASHELLS;10151;5
67200;;;KELP;SEASHELLS;2044;7
67200;;;MAGNIFICENT_MACARONS;SEASHELLS;611;5
67200;;;SQUID_INK;SEASHELLS;1852;7
67200;;;VOLCANIC_ROCK;SEASHELLS;10152;7
67300;;;RAINFOREST_RESIN;SEASHELLS;10001;1
67500;;;DJEMBES;SEASHELLS;13291;4
67500;;;KELP;SEASHELLS;2041;1
67500;;;SQUID_INK;SEASHELLS;1849;1
67500;;;VOLCANIC_ROCK;SEASHELLS;10149;10
67600;;;JAMS;SEASHELLS;6523;8
67700;;;CROISSANTS;SEASHELLS;4232;6
67800;;;JAMS;SEASHELLS;6522;7
67800;;;KELP;SEASHELLS;2041;2
67900;;;KELP;SEASHELLS;2040;1
67900;;;SQUID_INK;SEASHELLS;1850;1
68000;;;KELP;SEASHELLS;2041;2
68000;;;SQUID_INK;SEASHELLS;1850;2
68100;;;JAMS;SEASHELLS;6522;6
68100;;;KELP;SEASHELLS;2041;1
68100;;;SQUID_INK;SEASHELLS;1849;1
68200;;;RAINFOREST_RESIN;SEASHELLS;9992;1
68500;;;KELP;SEASHELLS;2041;6
68500;;;SQUID_INK;SEASHELLS;1849;3
68500;;;SQUID_INK;SEASHELLS;1849;3
68500;;;VOLCANIC_ROCK;SEASHELLS;10146;1
68600;;;DJEMBES;SEASHELLS;13293;5
68900;;;RAINFOREST_RESIN;SEASHELLS;10008;2
68900;;;RAINFOREST_RESIN;SEASHELLS;10002;4
69100;;;JAMS;SEASHELLS;6522;4
69200;;;RAINFOREST_RESIN;SEASHELLS;9998;1
69300;;;VOLCANIC_ROCK;SEASHELLS;10157;6
69400;;;KELP;SEASHELLS;2041;6
69400;;;SQUID_INK;SEASHELLS;1848;6
69600;;;KELP;SEASHELLS;2040;1
69600;;;SQUID_INK;SEASHELLS;1847;1
69700;;;JAMS;SEASHELLS;6522;6
69700;;;VOLCANIC_ROCK;SEASHELLS;10158;8
70000;;;RAINFOREST_RESIN;SEASHELLS;9998;5
70100;;;DJEMBES;SEASHELLS;13294;2
70100;;;RAINFOREST_RESIN;SEASHELLS;10002;1
70100;;;RAINFOREST_RESIN;SEASHELLS;10002;2
70200;;;MAGNIFICENT_MACARONS;SEASHELLS;588;5
70200;;;MAGNIFICENT_MACARONS;SEASHELLS;588;2
70200;;;VOLCANIC_ROCK;SEASHELLS;10155;5
70300;;;CROISSANTS;SEASHELLS;4233;6
70400;;;VOLCANIC_ROCK_VOUCHER_10000;SEASHELLS;175;13
70400;;;VOLCANIC_ROCK_VOUCHER_10250;SEASHELLS;33;13
70400;;;VOLCANIC_ROCK_VOUCHER_9500;SEASHELLS;658;13
70400;;;VOLCANIC_ROCK_VOUCHER_9750;SEASHELLS;409;13
70500;;;CROISSANTS;SEASHELLS;4235;8
70500;;;KELP;SEASHELLS;2043;13
70500;;;KELP;SEASHELLS;2040;2
70500;;;SQUID_INK;SEASHELLS;1851;13
70500;;;SQUID_INK;SEASHELLS;1848;2
70800;;;KELP;SEASHELLS;2043;1
70800;;;SQUID_INK;SEASHELLS;1852;1
70900;;;CROISSANTS;SEASHELLS;4235;5
71100;;;RAINFOREST_RESIN;SEASHELLS;10003;6
71100;;;RAINFOREST_RESIN;SEASHELLS;10003;1
71200;;;JAMS;SEASHELLS;6520;6
71200;;;KELP;SEASHELLS;2039;1
71200;;;SQUID_INK;SEASHELLS;1851;1
71900;;;JAMS;SEASHELLS;6518;6
71900;;;RAINFOREST_RESIN;SEASHELLS;9992;1
72200;;;CROISSANTS;SEASHELLS;4237;5
72200;;;KELP;SEASHELLS;2039;13
72200;;;SQUID_INK;SEASHELLS;1850;13
72300;;;SQUID_INK;SEASHELLS;1851;2
72400;;;KELP;SEASHELLS;2041;2
72400;;;RAINFOREST_RESIN;SEASHELLS;9999;1
72500;;;CROISSANTS;SEASHELLS;4236;7
72500;;;VOLCANIC_ROCK;SEASHELLS;10158;9
72600;;;JAMS;SEASHELLS;6519;8
72600;;;KELP;SEASHELLS;2039;1
72600;;;RAINFOREST_RESIN;SEASHELLS;9998;2
72600;;;SQUID_INK;SEASHELLS;1850;1
72700;;;CROISSANTS;SEASHELLS;4236;7
72700;;;KELP;SEASHELLS;2042;1
72700;;;SQUID_INK;SEASHELLS;1854;1
72700;;;VOLCANIC_ROCK;SEASHELLS;10158;8
73000;;;MAGNIFICENT_MACARONS;SEASHELLS;583;2
73000;;;PICNIC_BASKET1;SEASHELLS;58258;1
73000;;;PICNIC_BASKET2;SEASHELLS;30092;1
73200;;;JAMS;SEASHELLS;6518;5
73200;;;RAINFOREST_RESIN;SEASHELLS;10001;1
73300;;;KELP;SEASHELLS;2043;15
73300;;;SQUID_INK;SEASHELLS;1854;15
73300;;;VOLCANIC_ROCK_VOUCHER_10000;SEASHELLS;180;16
73300;;;VOLCANIC_ROCK_VOUCHER_9500;SEASHELLS;661;16
73300;;;VOLCANIC_ROCK_VOUCHER_9750;SEASHELLS;412;16
73400;;;KELP;SEASHELLS;2042;1
73400;;;SQUID_INK;SEASHELLS;1853;1
73600;;;KELP;SEASHELLS;2043;1
73600;;;SQUID_INK;SEASHELLS;1854;1
73700;;;CROISSANTS;SEASHELLS;4239;7
73700;;;DJEMBES;SEASHELLS;13291;3
73900;;;PICNIC_BASKET1;SEASHELLS;58274;1
73900;;;PICNIC_BASKET1;SEASHELLS;58273;7
73900;;;PICNIC_BASKET2;SEASHELLS;30100;1
73900;;;PICNIC_BASKET2;SEASHELLS;30099;7
74000;;;PICNIC_BASKET1;SEASHELLS;58281;3
74000;;;PICNIC_BASKET2;SEASHELLS;30102;1
74000;;;PICNIC_BASKET2;SEASHELLS;30102;2
74000;;;RAINFOREST_RESIN;SEASHELLS;9992;1
74000;;;VOLCANIC_ROCK_VOUCHER_10000;SEASHELLS;180;17
74000;;;VOLCANIC_ROCK_VOUCHER_10250;SEASHELLS;34;17
74000;;;VOLCANIC_ROCK_VOUCHER_10500;SEASHELLS;3;17
74000;;;VOLCANIC_ROCK_VOUCHER_9500;SEASHELLS;663;17
74000;;;VOLCANIC_ROCK_VOUCHER_9750;SEASHELLS;413;17
74100;;;SQUID_INK;SEASHELLS;1851;1
74300;;;MAGNIFICENT_MACARONS;SEASHELLS;575;6
74400;;;KELP;SEASHELLS;2040;1
74400;;;SQUID_INK;SEASHELLS;1851;1
74500;;;RAINFOREST_RESIN;SEASHELLS;10008;2
74700;;;KELP;SEASHELLS;2040;2
74700;;;SQUID_INK;SEASHELLS;1851;2
74900;;;KELP;SEASHELLS;2042;1
74900;;;MAGNIFICENT_MACARONS;SEASHELLS;586;5
74900;;;RAINFOREST_RESIN;SEASHELLS;10001;1
74900;;;SQUID_INK;SEASHELLS;1853;1
75100;;;CROISSANTS;SEASHELLS;4239;6
75100;;;KELP;SEASHELLS;2041;1
75100;;;SQUID_INK;SEASHELLS;1850;1
75200;;;KELP;SEASHELLS;2040;1
75200;;;SQUID_INK;SEASHELLS;1850;1
75200;;;VOLCANIC_ROCK_VOUCHER_10000;SEASHELLS;185;11
75200;;;VOLCANIC_ROCK_VOUCHER_10250;SEASHELLS;36;11
75200;;;VOLCANIC_ROCK_VOUCHER_9500;SEASHELLS;668;11
75200;;;VOLCANIC_ROCK_VOUCHER_9750;SEASHELLS;419;11
75400;;;KELP;SEASHELLS;2041;1
75400;;;SQUID_INK;SEASHELLS;1847;1
75500;;;KELP;SEASHELLS;2041;1
75500;;;SQUID_INK;SEASHELLS;1849;1
75900;;;RAINFOREST_RESIN;SEASHELLS;9997;1
76000;;;DJEMBES;SEASHELLS;13292;3
76000;;;KELP;SEASHELLS;2040;7
76000;;;MAGNIFICENT_MACARONS;SEASHELLS;594;6
76000;;;SQUID_INK;SEASHELLS;1850;7
76100;;;JAMS;SEASHELLS;6517;4
76100;;;MAGNIFICENT_MACARONS;SEASHELLS;583;6
76200;;;JAMS;SEASHELLS;6517;9
76300;;;DJEMBES;SEASHELLS;13292;5
76300;;;VOLCANIC_ROCK_VOUCHER_10000;SEASHELLS;176;10
76300;;;VOLCANIC_ROCK_VOUCHER_10250;SEASHELLS;33;10
76300;;;VOLCANIC_ROCK_VOUCHER_10500;SEASHELLS;3;10
76300;;;VOLCANIC_ROCK_VOUCHER_9500;SEASHELLS;660;10
76300;;;VOLCANIC_ROCK_VOUCHER_9750;SEASHELLS;411;10
76500;;;KELP;SEASHELLS;2040;1
76500;;;SQUID_INK;SEASHELLS;1849;1
76700;;;DJEMBES;SEASHELLS;13291;1
76700;;;JAMS;SEASHELLS;6515;11
76700;;;KELP;SEASHELLS;2043;2
76700;;;RAINFOREST_RESIN;SEASHELLS;9992;7
76700;;;SQUID_INK;SEASHELLS;1852;10
76800;;;PICNIC_BASKET1;SEASHELLS;58257;2
76800;;;PICNIC_BASKET1;SEASHELLS;58257;2
76800;;;PICNIC_BASKET2;SEASHELLS;30099;4
77000;;;KELP;SEASHELLS;2040;1
77000;;;SQUID_INK;SEASHELLS;1848;1
77100;;;KELP;SEASHELLS;2043;2
77100;;;KELP;SEASHELLS;2043;3
77100;;;SQUID_INK;SEASHELLS;1851;5
77300;;;KELP;SEASHELLS;2040;1
77300;;;SQUID_INK;SEASHELLS;1848;1
77400;;;KELP;SEASHELLS;2043;1
77400;;;SQUID_INK;SEASHELLS;1851;1
77500;;;VOLCANIC_ROCK;SEASHELLS;10154;9
77600;;;MAGNIFICENT_MACARONS;SEASHELLS;576;5
77800;;;KELP;SEASHELLS;2040;1
77800;;;SQUID_INK;SEASHELLS;1848;1
77900;;;JAMS;SEASHELLS;6515;5
77900;;;MAGNIFICENT_MACARONS;SEASHELLS;584;5
77900;;;RAINFOREST_RESIN;SEASHELLS;10001;1
78000;;;KELP;SEASHELLS;2043;1
78000;;;KELP;SEASHELLS;2043;3
78000;;;KELP;SEASHELLS;2044;2
78000;;;PICNIC_BASKET1;SEASHELLS;58259;1
78000;;;PICNIC_BASKET2;SEASHELLS;30098;1
78000;;;SQUID_INK;SEASHELLS;1849;1
78000;;;SQUID_INK;SEASHELLS;1849;3
78000;;;SQUID_INK;SEASHELLS;1851;2
78100;;;JAMS;SEASHELLS;6518;9
78100;;;RAINFOREST_RESIN;SEASHELLS;9992;6
78100;;;VOLCANIC_ROCK_VOUCHER_10000;SEASHELLS;166;12
78100;;;VOLCANIC_ROCK_VOUCHER_10000;SEASHELLS;166;1
78100;;;VOLCANIC_ROCK_VOUCHER_10250;SEASHELLS;30;12
78100;;;VOLCANIC_ROCK_VOUCHER_10250;SEASHELLS;30;1
78100;;;VOLCANIC_ROCK_VOUCHER_9500;SEASHELLS;647;12
78100;;;VOLCANIC_ROCK_VOUCHER_9500;SEASHELLS;647;1
78100;;;VOLCANIC_ROCK_VOUCHER_9750;SEASHELLS;399;12
78100;;;VOLCANIC_ROCK_VOUCHER_9750;SEASHELLS;399;1
78200;;;RAINFOREST_RESIN;SEASHELLS;10002;1
78200;;;RAINFOREST_RESIN;SEASHELLS;10002;4
78300;;;RAINFOREST_RESIN;SEASHELLS;9992;8
78300;;;VOLCANIC_ROCK_VOUCHER_10000;SEASHELLS;165;14
78300;;;VOLCANIC_ROCK_VOUCHER_10000;SEASHELLS;165;1
78300;;;VOLCANIC_ROCK_VOUCHER_10250;SEASHELLS;29;14
78300;;;VOLCANIC_ROCK_VOUCHER_10250;SEASHELLS;29;1
78300;;;VOLCANIC_ROCK_VOUCHER_10500;SEASHELLS;2;14
78300;;;VOLCANIC_ROCK_VOUCHER_10500;SEASHELLS;2;1
78300;;;VOLCANIC_ROCK_VOUCHER_9500;SEASHELLS;644;14
78300;;;VOLCANIC_ROCK_VOUCHER_9500;SEASHELLS;644;1
78300;;;VOLCANIC_ROCK_VOUCHER_9750;SEASHELLS;395;14
78300;;;VOLCANIC_ROCK_VOUCHER_9750;SEASHELLS;395;1
78400;;;JAMS;SEASHELLS;6517;6
78400;;;MAGNIFICENT_MACARONS;SEASHELLS;587;5
78600;;;JAMS;SEASHELLS;6518;10
78600;;;VOLCANIC_ROCK_VOUCHER_10000;SEASHELLS;167;6
78600;;;VOLCANIC_ROCK_VOUCHER_10250;SEASHELLS;29;6
78600;;;VOLCANIC_ROCK_VOUCHER_10500;SEASHELLS;2;6
78600;;;VOLCANIC_ROCK_VOUCHER_9500;SEASHELLS;644;6
78600;;;VOLCANIC_ROCK_VOUCHER_9750;SEASHELLS;395;6
78700;;;DJEMBES;SEASHELLS;13295;4
78700;;;KELP;SEASHELLS;2041;1
78700;;;SQUID_INK;SEASHELLS;1850;1
78800;;;KELP;SEASHELLS;2043;2
78800;;;KELP;SEASHELLS;2043;8
78800;;;RAINFOREST_RESIN;SEASHELLS;10008;2
78800;;;SQUID_INK;SEASHELLS;1851;2
78800;;;SQUID_INK;SEASHELLS;1851;8
78900;;;CROISSANTS;SEASHELLS;4237;5
78900;;;JAMS;SEASHELLS;6517;10
79000;;;JAMS;SEASHELLS;6517;5
79000;;;VOLCANIC_ROCK_VOUCHER_10000;SEASHELLS;167;13
79000;;;VOLCANIC_ROCK_VOUCHER_10250;SEASHELLS;31;13
79000;;;VOLCANIC_ROCK_VOUCHER_10500;SEASHELLS;2;13
79000;;;VOLCANIC_ROCK_VOUCHER_9500;SEASHELLS;652;13
79000;;;VOLCANIC_ROCK_VOUCHER_9750;SEASHELLS;403;13
79100;;;KELP;SEASHELLS;2041;1
79100;;;SQUID_INK;SEASHELLS;1850;1
79200;;;KELP;SEASHELLS;2041;1
79200;;;KELP;SEASHELLS;2041;9
79200;;;SQUID_INK;SEASHELLS;1849;1
79200;;;SQUID_INK;SEASHELLS;1849;9
79300;;;VOLCANIC_ROCK_VOUCHER_10000;SEASHELLS;166;11
79300;;;VOLCANIC_ROCK_VOUCHER_10250;SEASHELLS;30;11
79300;;;VOLCANIC_ROCK_VOUCHER_10500;SEASHELLS;2;11
79300;;;VOLCANIC_ROCK_VOUCHER_9500;SEASHELLS;648;11
79300;;;VOLCANIC_ROCK_VOUCHER_9750;SEASHELLS;399;11
79400;;;KELP;SEASHELLS;2043;5
79400;;;RAINFOREST_RESIN;SEASHELLS;9992;6
79500;;;PICNIC_BASKET1;SEASHELLS;58258;1
79500;;;PICNIC_BASKET2;SEASHELLS;30090;1
79600;;;KELP;SEASHELLS;2045;1
79600;;;SQUID_INK;SEASHELLS;1851;1
79700;;;CROISSANTS;SEASHELLS;4238;8
79700;;;RAINFOREST_RESIN;SEASHELLS;9992;1
79800;;;KELP;SEASHELLS;2043;5
79800;;;SQUID_INK;SEASHELLS;1850;5
79900;;;CROISSANTS;SEASHELLS;4240;8
79900;;;RAINFOREST_RESIN;SEASHELLS;10008;5
80000;;;JAMS;SEASHELLS;6519;6
80100;;;JAMS;SEASHELLS;6517;9
80100;;;KELP;SEASHELLS;2042;8
80100;;;PICNIC_BASKET1;SEASHELLS;58261;1
80100;;;PICNIC_BASKET2;SEASHELLS;30100;8
80100;;;SQUID_INK;SEASHELLS;1849;1
80100;;;SQUID_INK;SEASHELLS;1849;7
80100;;;VOLCANIC_ROCK_VOUCHER_10000;SEASHELLS;169;20
80100;;;VOLCANIC_ROCK_VOUCHER_9500;SEASHELLS;653;20
80100;;;VOLCANIC_ROCK_VOUCHER_9750;SEASHELLS;404;20
80200;;;VOLCANIC_ROCK;SEASHELLS;10154;5
80300;;;JAMS;SEASHELLS;6517;5
80600;;;PICNIC_BASKET1;SEASHELLS;58251;5
80600;;;PICNIC_BASKET2;SEASHELLS;30093;5
80700;;;KELP;SEASHELLS;2041;2
80700;;;RAINFOREST_RESIN;SEASHELLS;10001;1
80700;;;SQUID_INK;SEASHELLS;1849;2
80800;;;KELP;SEASHELLS;2041;1
80800;;;SQUID_INK;SEASHELLS;1848;1
80900;;;VOLCANIC_ROCK;SEASHELLS;10158;8
81000;;;PICNIC_BASKET1;SEASHELLS;58254;2
81000;;;PICNIC_BASKET2;SEASHELLS;30094;2
81200;;;JAMS;SEASHELLS;6518;3
81300;;;DJEMBES;SEASHELLS;13292;5
81300;;;KELP;SEASHELLS;2043;1
81300;;;SQUID_INK;SEASHELLS;1847;1
81500;;;DJEMBES;SEASHELLS;13293;2
81700;;;CROISSANTS;SEASHELLS;4239;7
81700;;;KELP;SEASHELLS;2041;5
81700;;;PICNIC_BASKET1;SEASHELLS;58282;2
81700;;;PICNIC_BASKET2;SEASHELLS;30099;2
81700;;;SQUID_INK;SEASHELLS;1847;5
81800;;;RAINFOREST_RESIN;SEASHELLS;10003;8
81900;;;CROISSANTS;SEASHELLS;4238;5
82000;;;DJEMBES;SEASHELLS;13292;6
82300;;;CROISSANTS;SEASHELLS;4238;7
82600;;;KELP;SEASHELLS;2043;12
82600;;;PICNIC_BASKET1;SEASHELLS;58258;1
82600;;;PICNIC_BASKET2;SEASHELLS;30087;1
82600;;;SQUID_INK;SEASHELLS;1849;12
82800;;;RAINFOREST_RESIN;SEASHELLS;10008;1
82900;;;KELP;SEASHELLS;2041;5
82900;;;KELP;SEASHELLS;2041;1
82900;;;SQUID_INK;SEASHELLS;1846;5
82900;;;SQUID_INK;SEASHELLS;1846;1
83100;;;CROISSANTS;SEASHELLS;4238;7
83100;;;KELP;SEASHELLS;2042;1
83100;;;PICNIC_BASKET1;SEASHELLS;58257;3
83100;;;PICNIC_BASKET2;SEASHELLS;30087;2
83100;;;PICNIC_BASKET2;SEASHELLS;30087;1
83200;;;VOLCANIC_ROCK;SEASHELLS;10158;8
83300;;;RAINFOREST_RESIN;SEASHELLS;10008;7
83500;;;JAMS;SEASHELLS;6517;3
83500;;;KELP;SEASHELLS;2040;1
83500;;;RAINFOREST_RESIN;SEASHELLS;9998;5
83500;;;SQUID_INK;SEASHELLS;1848;1
83900;;;RAINFOREST_RESIN;SEASHELLS;9997;4
84000;;;JAMS;SEASHELLS;6517;9
84000;;;KELP;SEASHELLS;2044;6
84000;;;SQUID_INK;SEASHELLS;1851;6
84100;;;KELP;SEASHELLS;2042;1
84100;;;RAINFOREST_RESIN;SEASHELLS;10002;3
84100;;;SQUID_INK;SEASHELLS;1849;1
84200;;;JAMS;SEASHELLS;6517;6
84200;;;RAINFOREST_RESIN;SEASHELLS;10008;1
84300;;;DJEMBES;SEASHELLS;13296;2
84500;;;RAINFOREST_RESIN;SEASHELLS;9999;1
84600;;;JAMS;SEASHELLS;6516;12
84600;;;KELP;SEASHELLS;2043;2
84600;;;SQUID_INK;SEASHELLS;1850;2
84800;;;RAINFOREST_RESIN;SEASHELLS;9992;6
84900;;;DJEMBES;SEASHELLS;13295;4
85200;;;KELP;SEASHELLS;2041;1
85200;;;SQUID_INK;SEASHELLS;1846;1
85300;;;KELP;SEASHELLS;2043;1
85300;;;SQUID_INK;SEASHELLS;1849;1
85500;;;KELP;SEASHELLS;2042;1
85500;;;RAINFOREST_RESIN;SEASHELLS;9999;1
85500;;;SQUID_INK;SEASHELLS;1850;1
85900;;;CROISSANTS;SEASHELLS;4237;10
85900;;;RAINFOREST_RESIN;SEASHELLS;10001;1
86200;;;CROISSANTS;SEASHELLS;4238;7
86200;;;RAINFOREST_RESIN;SEASHELLS;10008;2
86300;;;DJEMBES;SEASHELLS;13294;5
86400;;;PICNIC_BASKET1;SEASHELLS;58251;2
86400;;;PICNIC_BASKET2;SEASHELLS;30093;6
86500;;;DJEMBES;SEASHELLS;13293;4
86500;;;KELP;SEASHELLS;2042;2
86500;;;RAINFOREST_RESIN;SEASHELLS;9999;1
86500;;;SQUID_INK;SEASHELLS;1850;2
86700;;;KELP;SEASHELLS;2042;1
86700;;;PICNIC_BASKET1;SEASHELLS;58245;1
86700;;;PICNIC_BASKET2;SEASHELLS;30090;1
86700;;;SQUID_INK;SEASHELLS;1850;1
86700;;;VOLCANIC_ROCK_VOUCHER_10000;SEASHELLS;179;7
86700;;;VOLCANIC_ROCK_VOUCHER_10250;SEASHELLS;34;7
86700;;;VOLCANIC_ROCK_VOUCHER_10500;SEASHELLS;3;7
86700;;;VOLCANIC_ROCK_VOUCHER_9500;SEASHELLS;662;7
86700;;;VOLCANIC_ROCK_VOUCHER_9750;SEASHELLS;413;7
86900;;;KELP;SEASHELLS;2043;1
86900;;;MAGNIFICENT_MACARONS;SEASHELLS;622;4
86900;;;SQUID_INK;SEASHELLS;1851;1
87200;;;CROISSANTS;SEASHELLS;4237;7
87300;;;RAINFOREST_RESIN;SEASHELLS;9999;1
87400;;;VOLCANIC_ROCK;SEASHELLS;10164;7
87500;;;KELP;SEASHELLS;2044;1
87500;;;MAGNIFICENT_MACARONS;SEASHELLS;614;5
87500;;;RAINFOREST_RESIN;SEASHELLS;9998;4
87500;;;SQUID_INK;SEASHELLS;1852;1
87700;;;KELP;SEASHELLS;2044;1
87700;;;RAINFOREST_RESIN;SEASHELLS;9992;1
87700;;;RAINFOREST_RESIN;SEASHELLS;9999;1
87700;;;SQUID_INK;SEASHELLS;1853;1
87900;;;DJEMBES;SEASHELLS;13287;1
88100;;;VOLCANIC_ROCK;SEASHELLS;10167;1
88200;;;JAMS;SEASHELLS;6514;7
88300;;;CROISSANTS;SEASHELLS;4239;7
88300;;;DJEMBES;SEASHELLS;13286;4
88300;;;KELP;SEASHELLS;2042;1
88300;;;KELP;SEASHELLS;2042;1
88300;;;SQUID_INK;SEASHELLS;1852;2
88400;;;DJEMBES;SEASHELLS;13286;3
88400;;;KELP;SEASHELLS;2042;1
88400;;;SQUID_INK;SEASHELLS;1852;1
88600;;;CROISSANTS;SEASHELLS;4238;5
88700;;;PICNIC_BASKET1;SEASHELLS;58250;2
88700;;;PICNIC_BASKET2;SEASHELLS;30083;2
88700;;;RAINFOREST_RESIN;SEASHELLS;9997;5
88800;;;PICNIC_BASKET1;SEASHELLS;58246;2
88800;;;PICNIC_BASKET2;SEASHELLS;30080;3
89000;;;JAMS;SEASHELLS;6516;10
89300;;;KELP;SEASHELLS;2045;1
89300;;;RAINFOREST_RESIN;SEASHELLS;9998;5
89300;;;SQUID_INK;SEASHELLS;1855;1
89300;;;VOLCANIC_ROCK_VOUCHER_10000;SEASHELLS;192;15
89300;;;VOLCANIC_ROCK_VOUCHER_10250;SEASHELLS;38;15
89300;;;VOLCANIC_ROCK_VOUCHER_10500;SEASHELLS;3;15
89300;;;VOLCANIC_ROCK_VOUCHER_9500;SEASHELLS;677;15
89300;;;VOLCANIC_ROCK_VOUCHER_9750;SEASHELLS;428;15
89500;;;DJEMBES;SEASHELLS;13284;4
89500;;;KELP;SEASHELLS;2045;2
89500;;;SQUID_INK;SEASHELLS;1856;2
89700;;;JAMS;SEASHELLS;6514;8
89700;;;KELP;SEASHELLS;2045;9
89700;;;KELP;SEASHELLS;2044;1
89700;;;SQUID_INK;SEASHELLS;1855;9
89700;;;SQUID_INK;SEASHELLS;1854;1
89800;;;DJEMBES;SEASHELLS;13283;3
90000;;;CROISSANTS;SEASHELLS;4239;10
90100;;;RAINFOREST_RESIN;SEASHELLS;10000;5
90200;;;DJEMBES;SEASHELLS;13289;3
90800;;;KELP;SEASHELLS;2042;1
91300;;;RAINFOREST_RESIN;SEASHELLS;9997;6
91400;;;DJEMBES;SEASHELLS;13286;1
91400;;;VOLCANIC_ROCK_VOUCHER_10000;SEASHELLS;187;18
91400;;;VOLCANIC_ROCK_VOUCHER_10250;SEASHELLS;37;18
91400;;;VOLCANIC_ROCK_VOUCHER_10500;SEASHELLS;3;18
91400;;;VOLCANIC_ROCK_VOUCHER_9750;SEASHELLS;425;18
91600;;;CROISSANTS;SEASHELLS;4239;6
91600;;;PICNIC_BASKET2;SEASHELLS;30083;1
91700;;;MAGNIFICENT_MACARONS;SEASHELLS;615;5
91700;;;VOLCANIC_ROCK_VOUCHER_10000;SEASHELLS;192;14
91700;;;VOLCANIC_ROCK_VOUCHER_10250;SEASHELLS;38;14
91700;;;VOLCANIC_ROCK_VOUCHER_10500;SEASHELLS;3;14
91700;;;VOLCANIC_ROCK_VOUCHER_9500;SEASHELLS;675;14
91700;;;VOLCANIC_ROCK_VOUCHER_9750;SEASHELLS;426;14
91800;;;KELP;SEASHELLS;2042;1
91800;;;SQUID_INK;SEASHELLS;1846;1
91900;;;JAMS;SEASHELLS;6516;4
91900;;;KELP;SEASHELLS;2042;1
91900;;;KELP;SEASHELLS;2042;1
91900;;;SQUID_INK;SEASHELLS;1844;1
91900;;;SQUID_INK;SEASHELLS;1844;1
92000;;;CROISSANTS;SEASHELLS;4239;4
92000;;;JAMS;SEASHELLS;6516;7
92100;;;CROISSANTS;SEASHELLS;4240;5
92100;;;KELP;SEASHELLS;2042;1
92100;;;RAINFOREST_RESIN;SEASHELLS;9999;1
92100;;;SQUID_INK;SEASHELLS;1847;1
92300;;;KELP;SEASHELLS;2046;9
92300;;;SQUID_INK;SEASHELLS;1849;9
92400;;;KELP;SEASHELLS;2042;1
92400;;;SQUID_INK;SEASHELLS;1846;1
92600;;;KELP;SEASHELLS;2042;5
92600;;;KELP;SEASHELLS;2042;1
92600;;;KELP;SEASHELLS;2042;13
92600;;;PICNIC_BASKET1;SEASHELLS;58235;2
92600;;;PICNIC_BASKET2;SEASHELLS;30078;8
92600;;;SQUID_INK;SEASHELLS;1848;5
92600;;;SQUID_INK;SEASHELLS;1848;1
92600;;;SQUID_INK;SEASHELLS;1848;13
92700;;;DJEMBES;SEASHELLS;13287;3
92700;;;KELP;SEASHELLS;2042;1
92700;;;PICNIC_BASKET1;SEASHELLS;58236;8
92700;;;PICNIC_BASKET2;SEASHELLS;30078;8
92700;;;SQUID_INK;SEASHELLS;1848;1
92800;;;DJEMBES;SEASHELLS;13289;4
92800;;;JAMS;SEASHELLS;6516;11
92800;;;JAMS;SEASHELLS;6517;6
92800;;;KELP;SEASHELLS;2044;1
92800;;;SQUID_INK;SEASHELLS;1850;1
93000;;;KELP;SEASHELLS;2042;1
93000;;;RAINFOREST_RESIN;SEASHELLS;9998;5
93000;;;SQUID_INK;SEASHELLS;1850;1
93200;;;PICNIC_BASKET1;SEASHELLS;58232;1
93200;;;PICNIC_BASKET2;SEASHELLS;30077;9
93300;;;MAGNIFICENT_MACARONS;SEASHELLS;600;5
93300;;;SQUID_INK;SEASHELLS;1849;1
93500;;;DJEMBES;SEASHELLS;13289;4
93600;;;JAMS;SEASHELLS;6518;8
93600;;;VOLCANIC_ROCK_VOUCHER_10000;SEASHELLS;179;10
93600;;;VOLCANIC_ROCK_VOUCHER_10250;SEASHELLS;34;10
93600;;;VOLCANIC_ROCK_VOUCHER_10500;SEASHELLS;3;10
93600;;;VOLCANIC_ROCK_VOUCHER_9500;SEASHELLS;663;10
93600;;;VOLCANIC_ROCK_VOUCHER_9750;SEASHELLS;414;10
93700;;;DJEMBES;SEASHELLS;13288;5
93700;;;KELP;SEASHELLS;2043;1
93700;;;KELP;SEASHELLS;2046;15
93700;;;RAINFOREST_RESIN;SEASHELLS;10001;1
93700;;;SQUID_INK;SEASHELLS;1847;1
93700;;;SQUID_INK;SEASHELLS;1850;15
94000;;;CROISSANTS;SEASHELLS;4238;5
94200;;;MAGNIFICENT_MACARONS;SEASHELLS;602;6
94200;;;RAINFOREST_RESIN;SEASHELLS;10008;6
94400;;;VOLCANIC_ROCK;SEASHELLS;10164;7
94400;;;VOLCANIC_ROCK_VOUCHER_10000;SEASHELLS;180;10
94400;;;VOLCANIC_ROCK_VOUCHER_10250;SEASHELLS;34;10
94400;;;VOLCANIC_ROCK_VOUCHER_10500;SEASHELLS;3;10
94400;;;VOLCANIC_ROCK_VOUCHER_9500;SEASHELLS;664;10
94400;;;VOLCANIC_ROCK_VOUCHER_9750;SEASHELLS;415;10
94500;;;JAMS;SEASHELLS;6516;5
94900;;;CROISSANTS;SEASHELLS;4238;5
94900;;;KELP;SEASHELLS;2046;5
94900;;;SQUID_INK;SEASHELLS;1849;5
95200;;;CROISSANTS;SEASHELLS;4237;7
95200;;;DJEMBES;SEASHELLS;13282;5
95300;;;KELP;SEASHELLS;2043;1
95300;;;KELP;SEASHELLS;2043;2
95300;;;SQUID_INK;SEASHELLS;1846;1
95300;;;SQUID_INK;SEASHELLS;1846;2
95400;;;DJEMBES;SEASHELLS;13283;1
95400;;;KELP;SEASHELLS;2042;1
95400;;;SQUID_INK;SEASHELLS;1844;1
95600;;;JAMS;SEASHELLS;6517;4
95800;;;VOLCANIC_ROCK;SEASHELLS;10175;5
96000;;;KELP;SEASHELLS;2045;1
96000;;;SQUID_INK;SEASHELLS;1845;1
96000;;;VOLCANIC_ROCK_VOUCHER_10000;SEASHELLS;192;17
96000;;;VOLCANIC_ROCK_VOUCHER_10000;SEASHELLS;192;1
96000;;;VOLCANIC_ROCK_VOUCHER_10250;SEASHELLS;38;17
96000;;;VOLCANIC_ROCK_VOUCHER_10250;SEASHELLS;38;1
96000;;;VOLCANIC_ROCK_VOUCHER_10500;SEASHELLS;3;17
96000;;;VOLCANIC_ROCK_VOUCHER_10500;SEASHELLS;3;1
96000;;;VOLCANIC_ROCK_VOUCHER_9500;SEASHELLS;677;17
96000;;;VOLCANIC_ROCK_VOUCHER_9500;SEASHELLS;677;1
96000;;;VOLCANIC_ROCK_VOUCHER_9750;SEASHELLS;429;17
96000;;;VOLCANIC_ROCK_VOUCHER_9750;SEASHELLS;429;1
96100;;;CROISSANTS;SEASHELLS;4236;7
96100;;;KELP;SEASHELLS;2045;1
96100;;;SQUID_INK;SEASHELLS;1845;1
96100;;;VOLCANIC_ROCK;SEASHELLS;10180;9
96600;;;VOLCANIC_ROCK_VOUCHER_10000;SEASHELLS;191;14
96600;;;VOLCANIC_ROCK_VOUCHER_10000;SEASHELLS;191;1
96600;;;VOLCANIC_ROCK_VOUCHER_10250;SEASHELLS;38;14
96600;;;VOLCANIC_ROCK_VOUCHER_10250;SEASHELLS;38;1
96600;;;VOLCANIC_ROCK_VOUCHER_10500;SEASHELLS;3;14
96600;;;VOLCANIC_ROCK_VOUCHER_10500;SEASHELLS;3;1
96600;;;VOLCANIC_ROCK_VOUCHER_9500;SEASHELLS;677;14
96600;;;VOLCANIC_ROCK_VOUCHER_9500;SEASHELLS;677;1
96700;;;KELP;SEASHELLS;2045;1
96700;;;MAGNIFICENT_MACARONS;SEASHELLS;618;5
96800;;;RAINFOREST_RESIN;SEASHELLS;9997;8
96800;;;VOLCANIC_ROCK;SEASHELLS;10178;6
97100;;;DJEMBES;SEASHELLS;13292;3
97100;;;RAINFOREST_RESIN;SEASHELLS;10001;1
97200;;;KELP;SEASHELLS;2045;3
97200;;;SQUID_INK;SEASHELLS;1845;3
97300;;;VOLCANIC_ROCK;SEASHELLS;10178;2
97400;;;KELP;SEASHELLS;2043;2
97400;;;SQUID_INK;SEASHELLS;1844;2
97500;;;KELP;SEASHELLS;2043;1
97500;;;RAINFOREST_RESIN;SEASHELLS;10003;8
97500;;;SQUID_INK;SEASHELLS;1844;1
97600;;;VOLCANIC_ROCK;SEASHELLS;10177;8
97800;;;DJEMBES;SEASHELLS;13291;5
97900;;;RAINFOREST_RESIN;SEASHELLS;10008;4
98200;;;MAGNIFICENT_MACARONS;SEASHELLS;599;6
98300;;;CROISSANTS;SEASHELLS;4236;6
98400;;;KELP;SEASHELLS;2042;12
98400;;;SQUID_INK;SEASHELLS;1847;12
98600;;;JAMS;SEASHELLS;6518;5
98600;;;VOLCANIC_ROCK;SEASHELLS;10181;1
98800;;;JAMS;SEASHELLS;6516;6
98800;;;RAINFOREST_RESIN;SEASHELLS;10003;1
98800;;;VOLCANIC_ROCK;SEASHELLS;10180;7
98900;;;DJEMBES;SEASHELLS;13293;5
98900;;;RAINFOREST_RESIN;SEASHELLS;10008;5
99200;;;DJEMBES;SEASHELLS;13292;5
99200;;;MAGNIFICENT_MACARONS;SEASHELLS;591;5
99300;;;KELP;SEASHELLS;2046;2
99300;;;SQUID_INK;SEASHELLS;1851;2
99300;;;VOLCANIC_ROCK_VOUCHER_10000;SEASHELLS;190;16
99300;;;VOLCANIC_ROCK_VOUCHER_10000;SEASHELLS;190;1
99300;;;VOLCANIC_ROCK_VOUCHER_10250;SEASHELLS;38;16
99300;;;VOLCANIC_ROCK_VOUCHER_10250;SEASHELLS;38;1
99300;;;VOLCANIC_ROCK_VOUCHER_10500;SEASHELLS;3;16
99300;;;VOLCANIC_ROCK_VOUCHER_10500;SEASHELLS;3;1
99300;;;VOLCANIC_ROCK_VOUCHER_9500;SEASHELLS;677;16
99300;;;VOLCANIC_ROCK_VOUCHER_9500;SEASHELLS;677;1
99300;;;VOLCANIC_ROCK_VOUCHER_9750;SEASHELLS;428;16
99300;;;VOLCANIC_ROCK_VOUCHER_9750;SEASHELLS;428;1
99400;;;DJEMBES;SEASHELLS;13292;5
99500;;;RAINFOREST_RESIN;SEASHELLS;9998;3
99600;;;KELP;SEASHELLS;2043;1
99600;;;SQUID_INK;SEASHELLS;1849;1
99600;;;VOLCANIC_ROCK;SEASHELLS;10173;5
99900;;;PICNIC_BASKET1;SEASHELLS;58233;1
99900;;;PICNIC_BASKET2;SEASHELLS;30056;1
99900;;;RAINFOREST_RESIN;SEASHELLS;10008;4
99900;;;VOLCANIC_ROCK;SEASHELLS;10175;7
